Timestamp,CUSIP,Bid,Ask
2023-12-24 20:11:26.436,9128283H1,98-316,99-002
2023-12-24 20:11:26.443,9128283H1,98-317,99-003
2023-12-24 20:11:26.454,9128283H1,99-001,99-003
2023-12-24 20:11:26.458,9128283H1,99-001,99-005
2023-12-24 20:11:26.461,9128283H1,99-002,99-006
2023-12-24 20:11:26.463,9128283H1,99-004,99-006
2023-12-24 20:11:26.469,9128283H1,99-004,99-010
2023-12-24 20:11:26.470,9128283H1,99-006,99-010
2023-12-24 20:11:26.482,9128283H1,99-006,99-012
2023-12-24 20:11:26.492,9128283H1,99-010,99-012
2023-12-24 20:11:26.508,9128283H1,99-011,99-013
2023-12-24 20:11:26.523,9128283H1,99-012,99-014
2023-12-24 20:11:26.535,9128283H1,99-013,99-015
2023-12-24 20:11:26.538,9128283H1,99-013,99-017
2023-12-24 20:11:26.545,9128283H1,99-014,99-020
2023-12-24 20:11:26.552,9128283H1,99-016,99-020
2023-12-24 20:11:26.566,9128283H1,99-016,99-022
2023-12-24 20:11:26.575,9128283H1,99-020,99-022
2023-12-24 20:11:26.577,9128283H1,99-021,99-023
2023-12-24 20:11:26.592,9128283H1,99-022,99-024
2023-12-24 20:11:26.604,9128283H1,99-023,99-025
2023-12-24 20:11:26.619,9128283H1,99-023,99-027
2023-12-24 20:11:26.636,9128283H1,99-024,99-030
2023-12-24 20:11:26.644,9128283H1,99-026,99-030
2023-12-24 20:11:26.650,9128283H1,99-027,99-031
2023-12-24 20:11:26.654,9128283H1,99-027,99-033
2023-12-24 20:11:26.672,9128283H1,99-031,99-033
2023-12-24 20:11:26.674,9128283H1,99-032,99-034
2023-12-24 20:11:26.678,9128283H1,99-032,99-036
2023-12-24 20:11:26.694,9128283H1,99-033,99-037
2023-12-24 20:11:26.708,9128283H1,99-035,99-037
2023-12-24 20:11:26.716,9128283H1,99-035,99-041
2023-12-24 20:11:26.729,9128283H1,99-037,99-041
2023-12-24 20:11:26.742,9128283H1,99-037,99-043
2023-12-24 20:11:26.757,9128283H1,99-041,99-043
2023-12-24 20:11:26.764,9128283H1,99-042,99-044
2023-12-24 20:11:26.765,9128283H1,99-042,99-046
2023-12-24 20:11:26.776,9128283H1,99-044,99-046
2023-12-24 20:11:26.784,9128283H1,99-044,99-050
2023-12-24 20:11:26.785,9128283H1,99-045,99-051
2023-12-24 20:11:26.795,9128283H1,99-047,99-051
2023-12-24 20:11:26.804,9128283H1,99-047,99-053
2023-12-24 20:11:26.813,9128283H1,99-050,99-054
2023-12-24 20:11:26.815,9128283H1,99-052,99-054
2023-12-24 20:11:26.820,9128283H1,99-053,99-055
2023-12-24 20:11:26.828,9128283H1,99-053,99-057
2023-12-24 20:11:26.831,9128283H1,99-054,99-060
2023-12-24 20:11:26.836,9128283H1,99-056,99-060
2023-12-24 20:11:26.839,9128283H1,99-056,99-062
2023-12-24 20:11:26.853,9128283H1,99-057,99-063
2023-12-24 20:11:26.862,9128283H1,99-061,99-063
2023-12-24 20:11:26.872,9128283H1,99-062,99-064
2023-12-24 20:11:26.891,9128283H1,99-063,99-065
2023-12-24 20:11:26.898,9128283H1,99-063,99-067
2023-12-24 20:11:26.902,9128283H1,99-065,99-067
2023-12-24 20:11:26.909,9128283H1,99-066,99-070
2023-12-24 20:11:26.920,9128283H1,99-066,99-072
2023-12-24 20:11:26.933,9128283H1,99-070,99-072
2023-12-24 20:11:26.952,9128283H1,99-070,99-074
2023-12-24 20:11:26.954,9128283H1,99-071,99-075
2023-12-24 20:11:26.960,9128283H1,99-072,99-076
2023-12-24 20:11:26.972,9128283H1,99-073,99-077
2023-12-24 20:11:26.983,9128283H1,99-075,99-077
2023-12-24 20:11:26.990,9128283H1,99-075,99-081
2023-12-24 20:11:26.991,9128283H1,99-077,99-081
2023-12-24 20:11:27.011,9128283H1,99-077,99-083
2023-12-24 20:11:27.014,9128283H1,99-080,99-084
2023-12-24 20:11:27.022,9128283H1,99-082,99-084
2023-12-24 20:11:27.027,9128283H1,99-083,99-085
2023-12-24 20:11:27.037,9128283H1,99-084,99-086
2023-12-24 20:11:27.052,9128283H1,99-085,99-087
2023-12-24 20:11:27.061,9128283H1,99-086,99-090
2023-12-24 20:11:27.078,9128283H1,99-087,99-091
2023-12-24 20:11:27.090,9128283H1,99-087,99-093
2023-12-24 20:11:27.092,9128283H1,99-090,99-094
2023-12-24 20:11:27.097,9128283H1,99-092,99-094
2023-12-24 20:11:27.114,9128283H1,99-092,99-096
2023-12-24 20:11:27.116,9128283H1,99-093,99-097
2023-12-24 20:11:27.121,9128283H1,99-095,99-097
2023-12-24 20:11:27.122,9128283H1,99-095,99-101
2023-12-24 20:11:27.124,9128283H1,99-096,99-102
2023-12-24 20:11:27.130,9128283H1,99-100,99-102
2023-12-24 20:11:27.134,9128283H1,99-100,99-104
2023-12-24 20:11:27.151,9128283H1,99-101,99-105
2023-12-24 20:11:27.156,9128283H1,99-102,99-106
2023-12-24 20:11:27.162,9128283H1,99-103,99-107
2023-12-24 20:11:27.178,9128283H1,99-104,99-110
2023-12-24 20:11:27.187,9128283H1,99-105,99-111
2023-12-24 20:11:27.193,9128283H1,99-106,99-112
2023-12-24 20:11:27.196,9128283H1,99-110,99-112
2023-12-24 20:11:27.200,9128283H1,99-111,99-113
2023-12-24 20:11:27.203,9128283H1,99-111,99-115
2023-12-24 20:11:27.223,9128283H1,99-113,99-115
2023-12-24 20:11:27.243,9128283H1,99-114,99-116
2023-12-24 20:11:27.251,9128283H1,99-114,99-120
2023-12-24 20:11:27.269,9128283H1,99-115,99-121
2023-12-24 20:11:27.280,9128283H1,99-117,99-121
2023-12-24 20:11:27.298,9128283H1,99-117,99-123
2023-12-24 20:11:27.308,9128283H1,99-120,99-124
2023-12-24 20:11:27.324,9128283H1,99-122,99-124
2023-12-24 20:11:27.344,9128283H1,99-122,99-126
2023-12-24 20:11:27.346,9128283H1,99-124,99-126
2023-12-24 20:11:27.358,9128283H1,99-125,99-127
2023-12-24 20:11:27.367,9128283H1,99-125,99-131
2023-12-24 20:11:27.386,9128283H1,99-127,99-131
2023-12-24 20:11:27.389,9128283H1,99-127,99-133
2023-12-24 20:11:27.390,9128283H1,99-130,99-134
2023-12-24 20:11:27.401,9128283H1,99-131,99-135
2023-12-24 20:11:27.405,9128283H1,99-133,99-135
2023-12-24 20:11:27.425,9128283H1,99-133,99-137
2023-12-24 20:11:27.441,9128283H1,99-135,99-137
2023-12-24 20:11:27.444,9128283H1,99-135,99-141
2023-12-24 20:11:27.462,9128283H1,99-137,99-141
2023-12-24 20:11:27.480,9128283H1,99-140,99-142
2023-12-24 20:11:27.483,9128283H1,99-140,99-144
2023-12-24 20:11:27.492,9128283H1,99-141,99-145
2023-12-24 20:11:27.496,9128283H1,99-142,99-146
2023-12-24 20:11:27.512,9128283H1,99-144,99-146
2023-12-24 20:11:27.520,9128283H1,99-145,99-147
2023-12-24 20:11:27.537,9128283H1,99-145,99-151
2023-12-24 20:11:27.553,9128283H1,99-146,99-152
2023-12-24 20:11:27.572,9128283H1,99-147,99-153
2023-12-24 20:11:27.586,9128283H1,99-151,99-153
2023-12-24 20:11:27.592,9128283H1,99-151,99-155
2023-12-24 20:11:27.600,9128283H1,99-153,99-155
2023-12-24 20:11:27.602,9128283H1,99-154,99-156
2023-12-24 20:11:27.603,9128283H1,99-154,99-160
2023-12-24 20:11:27.604,9128283H1,99-155,99-161
2023-12-24 20:11:27.620,9128283H1,99-157,99-161
2023-12-24 20:11:27.623,9128283H1,99-157,99-163
2023-12-24 20:11:27.640,9128283H1,99-160,99-164
2023-12-24 20:11:27.654,9128283H1,99-161,99-165
2023-12-24 20:11:27.657,9128283H1,99-162,99-166
2023-12-24 20:11:27.662,9128283H1,99-164,99-166
2023-12-24 20:11:27.679,9128283H1,99-165,99-167
2023-12-24 20:11:27.682,9128283H1,99-165,99-171
2023-12-24 20:11:27.702,9128283H1,99-166,99-172
2023-12-24 20:11:27.703,9128283H1,99-170,99-172
2023-12-24 20:11:27.721,9128283H1,99-171,99-173
2023-12-24 20:11:27.724,9128283H1,99-172,99-174
2023-12-24 20:11:27.742,9128283H1,99-173,99-175
2023-12-24 20:11:27.744,9128283H1,99-173,99-177
2023-12-24 20:11:27.754,9128283H1,99-174,99-180
2023-12-24 20:11:27.771,9128283H1,99-176,99-180
2023-12-24 20:11:27.780,9128283H1,99-176,99-182
2023-12-24 20:11:27.796,9128283H1,99-177,99-183
2023-12-24 20:11:27.806,9128283H1,99-181,99-183
2023-12-24 20:11:27.809,9128283H1,99-182,99-184
2023-12-24 20:11:27.822,9128283H1,99-182,99-186
2023-12-24 20:11:27.829,9128283H1,99-183,99-187
2023-12-24 20:11:27.842,9128283H1,99-184,99-190
2023-12-24 20:11:27.850,9128283H1,99-185,99-191
2023-12-24 20:11:27.866,9128283H1,99-187,99-191
2023-12-24 20:11:27.885,9128283H1,99-187,99-193
2023-12-24 20:11:27.887,9128283H1,99-191,99-193
2023-12-24 20:11:27.906,9128283H1,99-192,99-194
2023-12-24 20:11:27.923,9128283H1,99-193,99-195
2023-12-24 20:11:27.929,9128283H1,99-194,99-196
2023-12-24 20:11:27.940,9128283H1,99-195,99-197
2023-12-24 20:11:27.941,9128283H1,99-196,99-200
2023-12-24 20:11:27.953,9128283H1,99-196,99-202
2023-12-24 20:11:27.960,9128283H1,99-197,99-203
2023-12-24 20:11:27.973,9128283H1,99-200,99-204
2023-12-24 20:11:27.988,9128283H1,99-201,99-205
2023-12-24 20:11:27.996,9128283H1,99-202,99-206
2023-12-24 20:11:28.009,9128283H1,99-204,99-206
2023-12-24 20:11:28.019,9128283H1,99-204,99-210
2023-12-24 20:11:28.036,9128283H1,99-206,99-210
2023-12-24 20:11:28.055,9128283H1,99-207,99-211
2023-12-24 20:11:28.060,9128283H1,99-207,99-213
2023-12-24 20:11:28.069,9128283H1,99-210,99-214
2023-12-24 20:11:28.070,9128283H1,99-212,99-214
2023-12-24 20:11:28.071,9128283H1,99-212,99-216
2023-12-24 20:11:28.087,9128283H1,99-214,99-216
2023-12-24 20:11:28.100,9128283H1,99-214,99-220
2023-12-24 20:11:28.116,9128283H1,99-215,99-221
2023-12-24 20:11:28.121,9128283H1,99-216,99-222
2023-12-24 20:11:28.124,9128283H1,99-217,99-223
2023-12-24 20:11:28.140,9128283H1,99-220,99-224
2023-12-24 20:11:28.154,9128283H1,99-221,99-225
2023-12-24 20:11:28.169,9128283H1,99-223,99-225
2023-12-24 20:11:28.183,9128283H1,99-224,99-226
2023-12-24 20:11:28.188,9128283H1,99-224,99-230
2023-12-24 20:11:28.204,9128283H1,99-226,99-230
2023-12-24 20:11:28.208,9128283H1,99-227,99-231
2023-12-24 20:11:28.213,9128283H1,99-230,99-232
2023-12-24 20:11:28.223,9128283H1,99-231,99-233
2023-12-24 20:11:28.227,9128283H1,99-231,99-235
2023-12-24 20:11:28.237,9128283H1,99-233,99-235
2023-12-24 20:11:28.238,9128283H1,99-233,99-237
2023-12-24 20:11:28.251,9128283H1,99-234,99-240
2023-12-24 20:11:28.267,9128283H1,99-235,99-241
2023-12-24 20:11:28.284,9128283H1,99-236,99-242
2023-12-24 20:11:28.304,9128283H1,99-237,99-243
2023-12-24 20:11:28.322,9128283H1,99-240,99-244
2023-12-24 20:11:28.323,9128283H1,99-241,99-245
2023-12-24 20:11:28.342,9128283H1,99-242,99-246
2023-12-24 20:11:28.354,9128283H1,99-243,99-247
2023-12-24 20:11:28.355,9128283H1,99-244,99-250
2023-12-24 20:11:28.366,9128283H1,99-245,99-251
2023-12-24 20:11:28.379,9128283H1,99-247,99-251
2023-12-24 20:11:28.393,9128283H1,99-250,99-252
2023-12-24 20:11:28.412,9128283H1,99-251,99-253
2023-12-24 20:11:28.429,9128283H1,99-251,99-255
2023-12-24 20:11:28.439,9128283H1,99-253,99-255
2023-12-24 20:11:28.441,9128283H1,99-254,99-256
2023-12-24 20:11:28.448,9128283H1,99-255,99-257
2023-12-24 20:11:28.466,9128283H1,99-255,99-261
2023-12-24 20:11:28.470,9128283H1,99-256,99-262
2023-12-24 20:11:28.474,9128283H1,99-257,99-263
2023-12-24 20:11:28.483,9128283H1,99-261,99-263
2023-12-24 20:11:28.486,9128283H1,99-261,99-265
2023-12-24 20:11:28.502,9128283H1,99-262,99-266
2023-12-24 20:11:28.519,9128283H1,99-264,99-266
2023-12-24 20:11:28.524,9128283H1,99-264,99-270
2023-12-24 20:11:28.537,9128283H1,99-266,99-270
2023-12-24 20:11:28.540,9128283H1,99-266,99-272
2023-12-24 20:11:28.557,9128283H1,99-270,99-272
2023-12-24 20:11:28.577,9128283H1,99-270,99-274
2023-12-24 20:11:28.590,9128283H1,99-272,99-274
2023-12-24 20:11:28.607,9128283H1,99-273,99-275
2023-12-24 20:11:28.616,9128283H1,99-274,99-276
2023-12-24 20:11:28.625,9128283H1,99-275,99-277
2023-12-24 20:11:28.639,9128283H1,99-275,99-281
2023-12-24 20:11:28.659,9128283H1,99-276,99-282
2023-12-24 20:11:28.674,9128283H1,99-280,99-282
2023-12-24 20:11:28.679,9128283H1,99-281,99-283
2023-12-24 20:11:28.699,9128283H1,99-281,99-285
2023-12-24 20:11:28.703,9128283H1,99-283,99-285
2023-12-24 20:11:28.719,9128283H1,99-283,99-287
2023-12-24 20:11:28.732,9128283H1,99-285,99-287
2023-12-24 20:11:28.739,9128283H1,99-286,99-290
2023-12-24 20:11:28.744,9128283H1,99-286,99-292
2023-12-24 20:11:28.755,9128283H1,99-287,99-293
2023-12-24 20:11:28.770,9128283H1,99-291,99-293
2023-12-24 20:11:28.780,9128283H1,99-291,99-295
2023-12-24 20:11:28.797,9128283H1,99-292,99-296
2023-12-24 20:11:28.804,9128283H1,99-293,99-297
2023-12-24 20:11:28.812,9128283H1,99-294,99-300
2023-12-24 20:11:28.830,9128283H1,99-296,99-300
2023-12-24 20:11:28.832,9128283H1,99-296,99-302
2023-12-24 20:11:28.837,9128283H1,99-297,99-303
2023-12-24 20:11:28.845,9128283H1,99-300,99-304
2023-12-24 20:11:28.846,9128283H1,99-301,99-305
2023-12-24 20:11:28.863,9128283H1,99-302,99-306
2023-12-24 20:11:28.876,9128283H1,99-303,99-307
2023-12-24 20:11:28.882,9128283H1,99-305,99-307
2023-12-24 20:11:28.901,9128283H1,99-306,99-310
2023-12-24 20:11:28.908,9128283H1,99-307,99-311
2023-12-24 20:11:28.927,9128283H1,99-310,99-312
2023-12-24 20:11:28.930,9128283H1,99-311,99-313
2023-12-24 20:11:28.948,9128283H1,99-312,99-314
2023-12-24 20:11:28.968,9128283H1,99-312,99-316
2023-12-24 20:11:28.977,9128283H1,99-313,99-317
2023-12-24 20:11:28.980,9128283H1,99-314,99-320
2023-12-24 20:11:28.997,9128283H1,99-316,100-000
2023-12-24 20:11:28.998,9128283H1,99-316,100-002
2023-12-24 20:11:29.004,9128283H1,99-320,100-002
2023-12-24 20:11:29.017,9128283H1,100-001,100-003
2023-12-24 20:11:29.032,9128283H1,100-001,100-005
2023-12-24 20:11:29.043,9128283H1,100-003,100-005
2023-12-24 20:11:29.047,9128283H1,100-004,100-006
2023-12-24 20:11:29.067,9128283H1,100-004,100-010
2023-12-24 20:11:29.082,9128283H1,100-005,100-011
2023-12-24 20:11:29.096,9128283H1,100-007,100-011
2023-12-24 20:11:29.097,9128283H1,100-010,100-012
2023-12-24 20:11:29.100,9128283H1,100-010,100-014
2023-12-24 20:11:29.111,9128283H1,100-011,100-015
2023-12-24 20:11:29.127,9128283H1,100-012,100-016
2023-12-24 20:11:29.139,9128283H1,100-014,100-016
2023-12-24 20:11:29.147,9128283H1,100-014,100-020
2023-12-24 20:11:29.151,9128283H1,100-016,100-020
2023-12-24 20:11:29.169,9128283H1,100-017,100-021
2023-12-24 20:11:29.174,9128283H1,100-020,100-022
2023-12-24 20:11:29.191,9128283H1,100-021,100-023
2023-12-24 20:11:29.211,9128283H1,100-022,100-024
2023-12-24 20:11:29.227,9128283H1,100-022,100-026
2023-12-24 20:11:29.241,9128283H1,100-024,100-026
2023-12-24 20:11:29.247,9128283H1,100-024,100-030
2023-12-24 20:11:29.252,9128283H1,100-026,100-030
2023-12-24 20:11:29.254,9128283H1,100-026,100-032
2023-12-24 20:11:29.272,9128283H1,100-027,100-033
2023-12-24 20:11:29.277,9128283H1,100-031,100-033
2023-12-24 20:11:29.278,9128283H1,100-032,100-034
2023-12-24 20:11:29.296,9128283H1,100-032,100-036
2023-12-24 20:11:29.313,9128283H1,100-033,100-037
2023-12-24 20:11:29.330,9128283H1,100-034,100-040
2023-12-24 20:11:29.332,9128283H1,100-036,100-040
2023-12-24 20:11:29.333,9128283H1,100-037,100-041
2023-12-24 20:11:29.339,9128283H1,100-040,100-042
2023-12-24 20:11:29.344,9128283H1,100-040,100-044
2023-12-24 20:11:29.350,9128283H1,100-041,100-045
2023-12-24 20:11:29.355,9128283H1,100-042,100-046
2023-12-24 20:11:29.365,9128283H1,100-043,100-047
2023-12-24 20:11:29.382,9128283H1,100-045,100-047
2023-12-24 20:11:29.391,9128283H1,100-046,100-050
2023-12-24 20:11:29.410,9128283H1,100-047,100-051
2023-12-24 20:11:29.414,9128283H1,100-047,100-053
2023-12-24 20:11:29.431,9128283H1,100-050,100-054
2023-12-24 20:11:29.433,9128283H1,100-051,100-055
2023-12-24 20:11:29.441,9128283H1,100-053,100-055
2023-12-24 20:11:29.443,9128283H1,100-053,100-057
2023-12-24 20:11:29.446,9128283H1,100-054,100-060
2023-12-24 20:11:29.458,9128283H1,100-056,100-060
2023-12-24 20:11:29.470,9128283H1,100-056,100-062
2023-12-24 20:11:29.487,9128283H1,100-060,100-062
2023-12-24 20:11:29.502,9128283H1,100-061,100-063
2023-12-24 20:11:29.507,9128283H1,100-061,100-065
2023-12-24 20:11:29.509,9128283H1,100-062,100-066
2023-12-24 20:11:29.516,9128283H1,100-064,100-066
2023-12-24 20:11:29.518,9128283H1,100-064,100-070
2023-12-24 20:11:29.520,9128283H1,100-065,100-071
2023-12-24 20:11:29.535,9128283H1,100-067,100-071
2023-12-24 20:11:29.537,9128283H1,100-070,100-072
2023-12-24 20:11:29.543,9128283H1,100-070,100-074
2023-12-24 20:11:29.558,9128283H1,100-071,100-075
2023-12-24 20:11:29.568,9128283H1,100-073,100-075
2023-12-24 20:11:29.573,9128283H1,100-073,100-077
2023-12-24 20:11:29.583,9128283H1,100-075,100-077
2023-12-24 20:11:29.593,9128283H1,100-075,100-081
2023-12-24 20:11:29.613,9128283H1,100-077,100-081
2023-12-24 20:11:29.615,9128283H1,100-080,100-082
2023-12-24 20:11:29.617,9128283H1,100-081,100-083
2023-12-24 20:11:29.628,9128283H1,100-082,100-084
2023-12-24 20:11:29.639,9128283H1,100-083,100-085
2023-12-24 20:11:29.655,9128283H1,100-083,100-087
2023-12-24 20:11:29.671,9128283H1,100-085,100-087
2023-12-24 20:11:29.679,9128283H1,100-086,100-090
2023-12-24 20:11:29.682,9128283H1,100-087,100-091
2023-12-24 20:11:29.700,9128283H1,100-090,100-092
2023-12-24 20:11:29.719,9128283H1,100-091,100-093
2023-12-24 20:11:29.724,9128283H1,100-091,100-095
2023-12-24 20:11:29.734,9128283H1,100-093,100-095
2023-12-24 20:11:29.740,9128283H1,100-094,100-096
2023-12-24 20:11:29.749,9128283H1,100-094,100-100
2023-12-24 20:11:29.763,9128283H1,100-096,100-100
2023-12-24 20:11:29.777,9128283H1,100-097,100-101
2023-12-24 20:11:29.786,9128283H1,100-097,100-103
2023-12-24 20:11:29.801,9128283H1,100-100,100-104
2023-12-24 20:11:29.816,9128283H1,100-101,100-105
2023-12-24 20:11:29.827,9128283H1,100-102,100-106
2023-12-24 20:11:29.844,9128283H1,100-104,100-106
2023-12-24 20:11:29.845,9128283H1,100-104,100-110
2023-12-24 20:11:29.848,9128283H1,100-105,100-111
2023-12-24 20:11:29.863,9128283H1,100-106,100-112
2023-12-24 20:11:29.877,9128283H1,100-110,100-112
2023-12-24 20:11:29.891,9128283H1,100-110,100-114
2023-12-24 20:11:29.904,9128283H1,100-111,100-115
2023-12-24 20:11:29.923,9128283H1,100-113,100-115
2023-12-24 20:11:29.938,9128283H1,100-113,100-117
2023-12-24 20:11:29.949,9128283H1,100-114,100-120
2023-12-24 20:11:29.962,9128283H1,100-116,100-120
2023-12-24 20:11:29.968,9128283H1,100-117,100-121
2023-12-24 20:11:29.983,9128283H1,100-120,100-122
2023-12-24 20:11:29.988,9128283H1,100-121,100-123
2023-12-24 20:11:29.995,9128283H1,100-122,100-124
2023-12-24 20:11:30.002,9128283H1,100-122,100-126
2023-12-24 20:11:30.014,9128283H1,100-124,100-126
2023-12-24 20:11:30.027,9128283H1,100-124,100-130
2023-12-24 20:11:30.031,9128283H1,100-126,100-130
2023-12-24 20:11:30.040,9128283H1,100-126,100-132
2023-12-24 20:11:30.055,9128283H1,100-130,100-132
2023-12-24 20:11:30.057,9128283H1,100-130,100-134
2023-12-24 20:11:30.065,9128283H1,100-131,100-135
2023-12-24 20:11:30.084,9128283H1,100-132,100-136
2023-12-24 20:11:30.089,9128283H1,100-134,100-136
2023-12-24 20:11:30.091,9128283H1,100-134,100-140
2023-12-24 20:11:30.104,9128283H1,100-136,100-140
2023-12-24 20:11:30.105,9128283H1,100-136,100-142
2023-12-24 20:11:30.111,9128283H1,100-140,100-142
2023-12-24 20:11:30.127,9128283H1,100-141,100-143
2023-12-24 20:11:30.138,9128283H1,100-141,100-145
2023-12-24 20:11:30.147,9128283H1,100-143,100-145
2023-12-24 20:11:30.166,9128283H1,100-144,100-146
2023-12-24 20:11:30.171,9128283H1,100-145,100-147
2023-12-24 20:11:30.177,9128283H1,100-145,100-151
2023-12-24 20:11:30.188,9128283H1,100-146,100-152
2023-12-24 20:11:30.194,9128283H1,100-150,100-152
2023-12-24 20:11:30.200,9128283H1,100-151,100-153
2023-12-24 20:11:30.202,9128283H1,100-151,100-155
2023-12-24 20:11:30.210,9128283H1,100-152,100-156
2023-12-24 20:11:30.223,9128283H1,100-154,100-156
2023-12-24 20:11:30.229,9128283H1,100-155,100-157
2023-12-24 20:11:30.233,9128283H1,100-156,100-160
2023-12-24 20:11:30.234,9128283H1,100-157,100-161
2023-12-24 20:11:30.246,9128283H1,100-160,100-162
2023-12-24 20:11:30.260,9128283H1,100-160,100-164
2023-12-24 20:11:30.265,9128283H1,100-162,100-164
2023-12-24 20:11:30.269,9128283H1,100-163,100-165
2023-12-24 20:11:30.272,9128283H1,100-163,100-167
2023-12-24 20:11:30.290,9128283H1,100-165,100-167
2023-12-24 20:11:30.295,9128283H1,100-166,100-170
2023-12-24 20:11:30.307,9128283H1,100-166,100-172
2023-12-24 20:11:30.315,9128283H1,100-170,100-172
2023-12-24 20:11:30.316,9128283H1,100-171,100-173
2023-12-24 20:11:30.325,9128283H1,100-171,100-175
2023-12-24 20:11:30.336,9128283H1,100-173,100-175
2023-12-24 20:11:30.342,9128283H1,100-174,100-176
2023-12-24 20:11:30.359,9128283H1,100-174,100-180
2023-12-24 20:11:30.371,9128283H1,100-175,100-181
2023-12-24 20:11:30.382,9128283H1,100-177,100-181
2023-12-24 20:11:30.394,9128283H1,100-180,100-182
2023-12-24 20:11:30.395,9128283H1,100-181,100-183
2023-12-24 20:11:30.403,9128283H1,100-181,100-185
2023-12-24 20:11:30.408,9128283H1,100-182,100-186
2023-12-24 20:11:30.411,9128283H1,100-183,100-187
2023-12-24 20:11:30.416,9128283H1,100-185,100-187
2023-12-24 20:11:30.430,9128283H1,100-185,100-191
2023-12-24 20:11:30.434,9128283H1,100-186,100-192
2023-12-24 20:11:30.444,9128283H1,100-187,100-193
2023-12-24 20:11:30.452,9128283H1,100-190,100-194
2023-12-24 20:11:30.460,9128283H1,100-192,100-194
2023-12-24 20:11:30.479,9128283H1,100-192,100-196
2023-12-24 20:11:30.480,9128283H1,100-194,100-196
2023-12-24 20:11:30.495,9128283H1,100-195,100-197
2023-12-24 20:11:30.512,9128283H1,100-196,100-200
2023-12-24 20:11:30.514,9128283H1,100-197,100-201
2023-12-24 20:11:30.522,9128283H1,100-200,100-202
2023-12-24 20:11:30.529,9128283H1,100-200,100-204
2023-12-24 20:11:30.535,9128283H1,100-202,100-204
2023-12-24 20:11:30.554,9128283H1,100-202,100-206
2023-12-24 20:11:30.574,9128283H1,100-203,100-207
2023-12-24 20:11:30.575,9128283H1,100-204,100-210
2023-12-24 20:11:30.582,9128283H1,100-205,100-211
2023-12-24 20:11:30.588,9128283H1,100-206,100-212
2023-12-24 20:11:30.593,9128283H1,100-210,100-212
2023-12-24 20:11:30.594,9128283H1,100-210,100-214
2023-12-24 20:11:30.596,9128283H1,100-212,100-214
2023-12-24 20:11:30.606,9128283H1,100-213,100-215
2023-12-24 20:11:30.612,9128283H1,100-214,100-216
2023-12-24 20:11:30.627,9128283H1,100-215,100-217
2023-12-24 20:11:30.647,9128283H1,100-216,100-220
2023-12-24 20:11:30.655,9128283H1,100-216,100-222
2023-12-24 20:11:30.670,9128283H1,100-220,100-222
2023-12-24 20:11:30.683,9128283H1,100-220,100-224
2023-12-24 20:11:30.702,9128283H1,100-222,100-224
2023-12-24 20:11:30.706,9128283H1,100-222,100-226
2023-12-24 20:11:30.711,9128283H1,100-224,100-226
2023-12-24 20:11:30.721,9128283H1,100-225,100-227
2023-12-24 20:11:30.727,9128283H1,100-225,100-231
2023-12-24 20:11:30.742,9128283H1,100-227,100-231
2023-12-24 20:11:30.753,9128283H1,100-227,100-233
2023-12-24 20:11:30.766,9128283H1,100-230,100-234
2023-12-24 20:11:30.784,9128283H1,100-231,100-235
2023-12-24 20:11:30.799,9128283H1,100-233,100-235
2023-12-24 20:11:30.810,9128283H1,100-233,100-237
2023-12-24 20:11:30.814,9128283H1,100-235,100-237
2023-12-24 20:11:30.819,9128283H1,100-235,100-241
2023-12-24 20:11:30.827,9128283H1,100-237,100-241
2023-12-24 20:11:30.844,9128283H1,100-240,100-242
2023-12-24 20:11:30.853,9128283H1,100-241,100-243
2023-12-24 20:11:30.867,9128283H1,100-242,100-244
2023-12-24 20:11:30.878,9128283H1,100-242,100-246
2023-12-24 20:11:30.892,9128283H1,100-244,100-246
2023-12-24 20:11:30.906,9128283H1,100-244,100-250
2023-12-24 20:11:30.907,9128283H1,100-246,100-250
2023-12-24 20:11:30.926,9128283H1,100-247,100-251
2023-12-24 20:11:30.941,9128283H1,100-247,100-253
2023-12-24 20:11:30.950,9128283H1,100-250,100-254
2023-12-24 20:11:30.959,9128283H1,100-251,100-255
2023-12-24 20:11:30.979,9128283H1,100-253,100-255
2023-12-24 20:11:30.990,9128283H1,100-253,100-257
2023-12-24 20:11:30.997,9128283H1,100-255,100-257
2023-12-24 20:11:30.999,9128283H1,100-256,100-260
2023-12-24 20:11:31.010,9128283H1,100-257,100-261
2023-12-24 20:11:31.029,9128283H1,100-260,100-262
2023-12-24 20:11:31.036,9128283H1,100-261,100-263
2023-12-24 20:11:31.037,9128283H1,100-262,100-264
2023-12-24 20:11:31.048,9128283H1,100-262,100-266
2023-12-24 20:11:31.066,9128283H1,100-264,100-266
2023-12-24 20:11:31.073,9128283H1,100-264,100-270
2023-12-24 20:11:31.082,9128283H1,100-265,100-271
2023-12-24 20:11:31.090,9128283H1,100-266,100-272
2023-12-24 20:11:31.091,9128283H1,100-270,100-272
2023-12-24 20:11:31.110,9128283H1,100-271,100-273
2023-12-24 20:11:31.129,9128283H1,100-271,100-275
2023-12-24 20:11:31.146,9128283H1,100-273,100-275
2023-12-24 20:11:31.162,9128283H1,100-274,100-276
2023-12-24 20:11:31.180,9128283H1,100-274,100-280
2023-12-24 20:11:31.199,9128283H1,100-275,100-281
2023-12-24 20:11:31.201,9128283H1,100-276,100-282
2023-12-24 20:11:31.218,9128283H1,100-280,100-282
2023-12-24 20:11:31.224,9128283H1,100-281,100-283
2023-12-24 20:11:31.228,9128283H1,100-282,100-284
2023-12-24 20:11:31.235,9128283H1,100-283,100-285
2023-12-24 20:11:31.245,9128283H1,100-284,100-286
2023-12-24 20:11:31.259,9128283H1,100-284,100-290
2023-12-24 20:11:31.260,9128283H1,100-286,100-290
2023-12-24 20:11:31.278,9128283H1,100-286,100-292
2023-12-24 20:11:31.286,9128283H1,100-287,100-293
2023-12-24 20:11:31.289,9128283H1,100-290,100-294
2023-12-24 20:11:31.297,9128283H1,100-292,100-294
2023-12-24 20:11:31.312,9128283H1,100-293,100-295
2023-12-24 20:11:31.331,9128283H1,100-294,100-296
2023-12-24 20:11:31.346,9128283H1,100-294,100-300
2023-12-24 20:11:31.349,9128283H1,100-296,100-300
2023-12-24 20:11:31.363,9128283H1,100-296,100-302
2023-12-24 20:11:31.377,9128283H1,100-297,100-303
2023-12-24 20:11:31.381,9128283H1,100-300,100-304
2023-12-24 20:11:31.395,9128283H1,100-301,100-305
2023-12-24 20:11:31.411,9128283H1,100-303,100-305
2023-12-24 20:11:31.421,9128283H1,100-304,100-306
2023-12-24 20:11:31.440,9128283H1,100-304,100-310
2023-12-24 20:11:31.459,9128283H1,100-306,100-310
2023-12-24 20:11:31.477,9128283H1,100-306,100-312
2023-12-24 20:11:31.492,9128283H1,100-307,100-313
2023-12-24 20:11:31.503,9128283H1,100-311,100-313
2023-12-24 20:11:31.505,9128283H1,100-311,100-315
2023-12-24 20:11:31.517,9128283H1,100-312,100-316
2023-12-24 20:11:31.522,9128283H1,100-313,100-317
2023-12-24 20:11:31.531,9128283H1,100-314,100-320
2023-12-24 20:11:31.543,9128283H1,100-315,101-001
2023-12-24 20:11:31.555,9128283H1,100-316,101-002
2023-12-24 20:11:31.565,9128283H1,100-316,101-000
2023-12-24 20:11:31.579,9128283H1,100-315,100-317
2023-12-24 20:11:31.596,9128283H1,100-313,100-317
2023-12-24 20:11:31.613,9128283H1,100-313,100-315
2023-12-24 20:11:31.621,9128283H1,100-311,100-315
2023-12-24 20:11:31.628,9128283H1,100-310,100-314
2023-12-24 20:11:31.639,9128283H1,100-310,100-312
2023-12-24 20:11:31.652,9128283H1,100-306,100-312
2023-12-24 20:11:31.657,9128283H1,100-306,100-310
2023-12-24 20:11:31.675,9128283H1,100-304,100-310
2023-12-24 20:11:31.685,9128283H1,100-304,100-306
2023-12-24 20:11:31.691,9128283H1,100-303,100-305
2023-12-24 20:11:31.696,9128283H1,100-301,100-305
2023-12-24 20:11:31.708,9128283H1,100-301,100-303
2023-12-24 20:11:31.718,9128283H1,100-300,100-302
2023-12-24 20:11:31.724,9128283H1,100-297,100-301
2023-12-24 20:11:31.726,9128283H1,100-295,100-301
2023-12-24 20:11:31.733,9128283H1,100-294,100-300
2023-12-24 20:11:31.750,9128283H1,100-293,100-297
2023-12-24 20:11:31.764,9128283H1,100-293,100-295
2023-12-24 20:11:31.775,9128283H1,100-292,100-294
2023-12-24 20:11:31.779,9128283H1,100-291,100-293
2023-12-24 20:11:31.790,9128283H1,100-290,100-292
2023-12-24 20:11:31.794,9128283H1,100-287,100-291
2023-12-24 20:11:31.801,9128283H1,100-285,100-291
2023-12-24 20:11:31.803,9128283H1,100-284,100-290
2023-12-24 20:11:31.808,9128283H1,100-283,100-287
2023-12-24 20:11:31.812,9128283H1,100-283,100-285
2023-12-24 20:11:31.831,9128283H1,100-282,100-284
2023-12-24 20:11:31.842,9128283H1,100-280,100-284
2023-12-24 20:11:31.855,9128283H1,100-280,100-282
2023-12-24 20:11:31.864,9128283H1,100-277,100-281
2023-12-24 20:11:31.873,9128283H1,100-276,100-280
2023-12-24 20:11:31.890,9128283H1,100-275,100-277
2023-12-24 20:11:31.901,9128283H1,100-274,100-276
2023-12-24 20:11:31.908,9128283H1,100-273,100-275
2023-12-24 20:11:31.926,9128283H1,100-271,100-275
2023-12-24 20:11:31.938,9128283H1,100-271,100-273
2023-12-24 20:11:31.944,9128283H1,100-270,100-272
2023-12-24 20:11:31.963,9128283H1,100-267,100-271
2023-12-24 20:11:31.980,9128283H1,100-266,100-270
2023-12-24 20:11:31.990,9128283H1,100-264,100-270
2023-12-24 20:11:32.007,9128283H1,100-264,100-266
2023-12-24 20:11:32.023,9128283H1,100-263,100-265
2023-12-24 20:11:32.031,9128283H1,100-261,100-265
2023-12-24 20:11:32.048,9128283H1,100-260,100-264
2023-12-24 20:11:32.064,9128283H1,100-257,100-263
2023-12-24 20:11:32.082,9128283H1,100-256,100-262
2023-12-24 20:11:32.097,9128283H1,100-255,100-261
2023-12-24 20:11:32.106,9128283H1,100-254,100-260
2023-12-24 20:11:32.121,9128283H1,100-253,100-257
2023-12-24 20:11:32.137,9128283H1,100-252,100-256
2023-12-24 20:11:32.144,9128283H1,100-251,100-255
2023-12-24 20:11:32.151,9128283H1,100-251,100-253
2023-12-24 20:11:32.167,9128283H1,100-250,100-252
2023-12-24 20:11:32.185,9128283H1,100-246,100-252
2023-12-24 20:11:32.205,9128283H1,100-245,100-251
2023-12-24 20:11:32.223,9128283H1,100-245,100-247
2023-12-24 20:11:32.230,9128283H1,100-243,100-247
2023-12-24 20:11:32.233,9128283H1,100-242,100-246
2023-12-24 20:11:32.246,9128283H1,100-242,100-244
2023-12-24 20:11:32.251,9128283H1,100-240,100-244
2023-12-24 20:11:32.263,9128283H1,100-240,100-242
2023-12-24 20:11:32.280,9128283H1,100-237,100-241
2023-12-24 20:11:32.293,9128283H1,100-235,100-241
2023-12-24 20:11:32.309,9128283H1,100-234,100-240
2023-12-24 20:11:32.321,9128283H1,100-233,100-237
2023-12-24 20:11:32.324,9128283H1,100-233,100-235
2023-12-24 20:11:32.337,9128283H1,100-231,100-235
2023-12-24 20:11:32.340,9128283H1,100-231,100-233
2023-12-24 20:11:32.354,9128283H1,100-227,100-233
2023-12-24 20:11:32.371,9128283H1,100-227,100-231
2023-12-24 20:11:32.383,9128283H1,100-226,100-230
2023-12-24 20:11:32.395,9128283H1,100-224,100-230
2023-12-24 20:11:32.405,9128283H1,100-224,100-226
2023-12-24 20:11:32.412,9128283H1,100-223,100-225
2023-12-24 20:11:32.413,9128283H1,100-221,100-225
2023-12-24 20:11:32.416,9128283H1,100-221,100-223
2023-12-24 20:11:32.434,9128283H1,100-220,100-222
2023-12-24 20:11:32.439,9128283H1,100-216,100-222
2023-12-24 20:11:32.440,9128283H1,100-216,100-220
2023-12-24 20:11:32.455,9128283H1,100-214,100-220
2023-12-24 20:11:32.472,9128283H1,100-214,100-216
2023-12-24 20:11:32.476,9128283H1,100-212,100-216
2023-12-24 20:11:32.481,9128283H1,100-211,100-215
2023-12-24 20:11:32.492,9128283H1,100-211,100-213
2023-12-24 20:11:32.499,9128283H1,100-210,100-212
2023-12-24 20:11:32.513,9128283H1,100-206,100-212
2023-12-24 20:11:32.526,9128283H1,100-206,100-210
2023-12-24 20:11:32.533,9128283H1,100-205,100-207
2023-12-24 20:11:32.541,9128283H1,100-204,100-206
2023-12-24 20:11:32.560,9128283H1,100-202,100-206
2023-12-24 20:11:32.570,9128283H1,100-202,100-204
2023-12-24 20:11:32.579,9128283H1,100-201,100-203
2023-12-24 20:11:32.582,9128283H1,100-197,100-203
2023-12-24 20:11:32.587,9128283H1,100-197,100-201
2023-12-24 20:11:32.602,9128283H1,100-195,100-201
2023-12-24 20:11:32.611,9128283H1,100-194,100-200
2023-12-24 20:11:32.628,9128283H1,100-193,100-197
2023-12-24 20:11:32.638,9128283H1,100-193,100-195
2023-12-24 20:11:32.656,9128283H1,100-191,100-195
2023-12-24 20:11:32.659,9128283H1,100-190,100-194
2023-12-24 20:11:32.665,9128283H1,100-190,100-192
2023-12-24 20:11:32.680,9128283H1,100-187,100-191
2023-12-24 20:11:32.684,9128283H1,100-185,100-191
2023-12-24 20:11:32.686,9128283H1,100-184,100-190
2023-12-24 20:11:32.689,9128283H1,100-183,100-187
2023-12-24 20:11:32.698,9128283H1,100-183,100-185
2023-12-24 20:11:32.700,9128283H1,100-181,100-185
2023-12-24 20:11:32.709,9128283H1,100-181,100-183
2023-12-24 20:11:32.714,9128283H1,100-177,100-183
2023-12-24 20:11:32.716,9128283H1,100-177,100-181
2023-12-24 20:11:32.731,9128283H1,100-176,100-180
2023-12-24 20:11:32.736,9128283H1,100-175,100-177
2023-12-24 20:11:32.754,9128283H1,100-174,100-176
2023-12-24 20:11:32.770,9128283H1,100-172,100-176
2023-12-24 20:11:32.775,9128283H1,100-171,100-175
2023-12-24 20:11:32.793,9128283H1,100-170,100-174
2023-12-24 20:11:32.812,9128283H1,100-167,100-173
2023-12-24 20:11:32.820,9128283H1,100-166,100-172
2023-12-24 20:11:32.833,9128283H1,100-165,100-171
2023-12-24 20:11:32.839,9128283H1,100-164,100-170
2023-12-24 20:11:32.855,9128283H1,100-163,100-167
2023-12-24 20:11:32.856,9128283H1,100-163,100-165
2023-12-24 20:11:32.872,9128283H1,100-161,100-165
2023-12-24 20:11:32.883,9128283H1,100-161,100-163
2023-12-24 20:11:32.893,9128283H1,100-157,100-163
2023-12-24 20:11:32.899,9128283H1,100-156,100-162
2023-12-24 20:11:32.904,9128283H1,100-156,100-160
2023-12-24 20:11:32.923,9128283H1,100-154,100-160
2023-12-24 20:11:32.933,9128283H1,100-153,100-157
2023-12-24 20:11:32.944,9128283H1,100-152,100-156
2023-12-24 20:11:32.951,9128283H1,100-151,100-155
2023-12-24 20:11:32.955,9128283H1,100-151,100-153
2023-12-24 20:11:32.968,9128283H1,100-147,100-153
2023-12-24 20:11:32.975,9128283H1,100-147,100-151
2023-12-24 20:11:32.988,9128283H1,100-146,100-150
2023-12-24 20:11:33.005,9128283H1,100-145,100-147
2023-12-24 20:11:33.013,9128283H1,100-143,100-147
2023-12-24 20:11:33.026,9128283H1,100-143,100-145
2023-12-24 20:11:33.032,9128283H1,100-142,100-144
2023-12-24 20:11:33.039,9128283H1,100-140,100-144
2023-12-24 20:11:33.041,9128283H1,100-140,100-142
2023-12-24 20:11:33.056,9128283H1,100-137,100-141
2023-12-24 20:11:33.060,9128283H1,100-135,100-141
2023-12-24 20:11:33.064,9128283H1,100-134,100-140
2023-12-24 20:11:33.081,9128283H1,100-133,100-137
2023-12-24 20:11:33.098,9128283H1,100-133,100-135
2023-12-24 20:11:33.099,9128283H1,100-132,100-134
2023-12-24 20:11:33.117,9128283H1,100-130,100-134
2023-12-24 20:11:33.132,9128283H1,100-127,100-133
2023-12-24 20:11:33.136,9128283H1,100-127,100-131
2023-12-24 20:11:33.156,9128283H1,100-126,100-130
2023-12-24 20:11:33.163,9128283H1,100-125,100-127
2023-12-24 20:11:33.164,9128283H1,100-124,100-126
2023-12-24 20:11:33.179,9128283H1,100-123,100-125
2023-12-24 20:11:33.190,9128283H1,100-121,100-125
2023-12-24 20:11:33.192,9128283H1,100-121,100-123
2023-12-24 20:11:33.196,9128283H1,100-120,100-122
2023-12-24 20:11:33.209,9128283H1,100-117,100-121
2023-12-24 20:11:33.224,9128283H1,100-116,100-120
2023-12-24 20:11:33.235,9128283H1,100-114,100-120
2023-12-24 20:11:33.237,9128283H1,100-113,100-117
2023-12-24 20:11:33.257,9128283H1,100-112,100-116
2023-12-24 20:11:33.260,9128283H1,100-112,100-114
2023-12-24 20:11:33.272,9128283H1,100-110,100-114
2023-12-24 20:11:33.287,9128283H1,100-110,100-112
2023-12-24 20:11:33.307,9128283H1,100-106,100-112
2023-12-24 20:11:33.312,9128283H1,100-105,100-111
2023-12-24 20:11:33.313,9128283H1,100-105,100-107
2023-12-24 20:11:33.319,9128283H1,100-103,100-107
2023-12-24 20:11:33.322,9128283H1,100-102,100-106
2023-12-24 20:11:33.334,9128283H1,100-101,100-105
2023-12-24 20:11:33.346,9128283H1,100-100,100-104
2023-12-24 20:11:33.354,9128283H1,100-097,100-103
2023-12-24 20:11:33.371,9128283H1,100-097,100-101
2023-12-24 20:11:33.379,9128283H1,100-095,100-101
2023-12-24 20:11:33.393,9128283H1,100-095,100-097
2023-12-24 20:11:33.400,9128283H1,100-093,100-097
2023-12-24 20:11:33.412,9128283H1,100-092,100-096
2023-12-24 20:11:33.415,9128283H1,100-091,100-095
2023-12-24 20:11:33.430,9128283H1,100-090,100-094
2023-12-24 20:11:33.444,9128283H1,100-090,100-092
2023-12-24 20:11:33.456,9128283H1,100-087,100-091
2023-12-24 20:11:33.465,9128283H1,100-086,100-090
2023-12-24 20:11:33.467,9128283H1,100-085,100-087
2023-12-24 20:11:33.478,9128283H1,100-084,100-086
2023-12-24 20:11:33.495,9128283H1,100-083,100-085
2023-12-24 20:11:33.513,9128283H1,100-082,100-084
2023-12-24 20:11:33.531,9128283H1,100-081,100-083
2023-12-24 20:11:33.537,9128283H1,100-077,100-083
2023-12-24 20:11:33.550,9128283H1,100-076,100-082
2023-12-24 20:11:33.556,9128283H1,100-075,100-081
2023-12-24 20:11:33.567,9128283H1,100-075,100-077
2023-12-24 20:11:33.576,9128283H1,100-073,100-077
2023-12-24 20:11:33.590,9128283H1,100-073,100-075
2023-12-24 20:11:33.606,9128283H1,100-072,100-074
2023-12-24 20:11:33.626,9128283H1,100-070,100-074
2023-12-24 20:11:33.634,9128283H1,100-067,100-073
2023-12-24 20:11:33.635,9128283H1,100-066,100-072
2023-12-24 20:11:33.636,9128283H1,100-065,100-071
2023-12-24 20:11:33.637,9128283H1,100-065,100-067
2023-12-24 20:11:33.644,9128283H1,100-064,100-066
2023-12-24 20:11:33.651,9128283H1,100-062,100-066
2023-12-24 20:11:33.669,9128283H1,100-061,100-065
2023-12-24 20:11:33.679,9128283H1,100-061,100-063
2023-12-24 20:11:33.696,9128283H1,100-057,100-063
2023-12-24 20:11:33.699,9128283H1,100-056,100-062
2023-12-24 20:11:33.708,9128283H1,100-056,100-060
2023-12-24 20:11:33.715,9128283H1,100-054,100-060
2023-12-24 20:11:33.724,9128283H1,100-053,100-057
2023-12-24 20:11:33.732,9128283H1,100-052,100-056
2023-12-24 20:11:33.752,9128283H1,100-051,100-055
2023-12-24 20:11:33.759,9128283H1,100-050,100-054
2023-12-24 20:11:33.775,9128283H1,100-047,100-053
2023-12-24 20:11:33.778,9128283H1,100-046,100-052
2023-12-24 20:11:33.788,9128283H1,100-045,100-051
2023-12-24 20:11:33.806,9128283H1,100-045,100-047
2023-12-24 20:11:33.818,9128283H1,100-043,100-047
2023-12-24 20:11:33.831,9128283H1,100-043,100-045
2023-12-24 20:11:33.850,9128283H1,100-042,100-044
2023-12-24 20:11:33.854,9128283H1,100-041,100-043
2023-12-24 20:11:33.873,9128283H1,100-040,100-042
2023-12-24 20:11:33.879,9128283H1,100-036,100-042
2023-12-24 20:11:33.884,9128283H1,100-035,100-041
2023-12-24 20:11:33.893,9128283H1,100-034,100-040
2023-12-24 20:11:33.903,9128283H1,100-033,100-037
2023-12-24 20:11:33.918,9128283H1,100-032,100-036
2023-12-24 20:11:33.930,9128283H1,100-031,100-035
2023-12-24 20:11:33.950,9128283H1,100-030,100-034
2023-12-24 20:11:33.962,9128283H1,100-030,100-032
2023-12-24 20:11:33.980,9128283H1,100-026,100-032
2023-12-24 20:11:33.989,9128283H1,100-025,100-031
2023-12-24 20:11:33.991,9128283H1,100-025,100-027
2023-12-24 20:11:33.993,9128283H1,100-023,100-027
2023-12-24 20:11:33.997,9128283H1,100-022,100-026
2023-12-24 20:11:34.007,9128283H1,100-021,100-025
2023-12-24 20:11:34.019,9128283H1,100-020,100-024
2023-12-24 20:11:34.037,9128283H1,100-017,100-023
2023-12-24 20:11:34.052,9128283H1,100-016,100-022
2023-12-24 20:11:34.060,9128283H1,100-016,100-020
2023-12-24 20:11:34.070,9128283H1,100-014,100-020
2023-12-24 20:11:34.084,9128283H1,100-014,100-016
2023-12-24 20:11:34.089,9128283H1,100-013,100-015
2023-12-24 20:11:34.102,9128283H1,100-012,100-014
2023-12-24 20:11:34.117,9128283H1,100-011,100-013
2023-12-24 20:11:34.124,9128283H1,100-007,100-013
2023-12-24 20:11:34.126,9128283H1,100-006,100-012
2023-12-24 20:11:34.143,9128283H1,100-006,100-010
2023-12-24 20:11:34.145,9128283H1,100-005,100-007
2023-12-24 20:11:34.150,9128283H1,100-003,100-007
2023-12-24 20:11:34.158,9128283H1,100-002,100-006
2023-12-24 20:11:34.162,9128283H1,100-002,100-004
2023-12-24 20:11:34.177,9128283H1,100-001,100-003
2023-12-24 20:11:34.187,9128283H1,99-320,100-002
2023-12-24 20:11:34.201,9128283H1,99-317,100-001
2023-12-24 20:11:34.211,9128283H1,99-315,100-001
2023-12-24 20:11:34.220,9128283H1,99-314,99-320
2023-12-24 20:11:34.240,9128283H1,99-314,99-316
2023-12-24 20:11:34.252,9128283H1,99-312,99-316
2023-12-24 20:11:34.272,9128283H1,99-312,99-314
2023-12-24 20:11:34.283,9128283H1,99-311,99-313
2023-12-24 20:11:34.288,9128283H1,99-310,99-312
2023-12-24 20:11:34.305,9128283H1,99-307,99-311
2023-12-24 20:11:34.317,9128283H1,99-305,99-311
2023-12-24 20:11:34.332,9128283H1,99-304,99-310
2023-12-24 20:11:34.344,9128283H1,99-303,99-307
2023-12-24 20:11:34.364,9128283H1,99-303,99-305
2023-12-24 20:11:34.366,9128283H1,99-301,99-305
2023-12-24 20:11:34.371,9128283H1,99-300,99-304
2023-12-24 20:11:34.372,9128283H1,99-300,99-302
2023-12-24 20:11:34.378,9128283H1,99-297,99-301
2023-12-24 20:11:34.383,9128283H1,99-295,99-301
2023-12-24 20:11:34.402,9128283H1,99-294,99-300
2023-12-24 20:11:34.412,9128283H1,99-293,99-297
2023-12-24 20:11:34.430,9128283H1,99-292,99-296
2023-12-24 20:11:34.441,9128283H1,99-291,99-295
2023-12-24 20:11:34.459,9128283H1,99-290,99-294
2023-12-24 20:11:34.466,9128283H1,99-287,99-293
2023-12-24 20:11:34.481,9128283H1,99-287,99-291
2023-12-24 20:11:34.493,9128283H1,99-286,99-290
2023-12-24 20:11:34.506,9128283H1,99-285,99-287
2023-12-24 20:11:34.524,9128283H1,99-283,99-287
2023-12-24 20:11:34.532,9128283H1,99-282,99-286
2023-12-24 20:11:34.533,9128283H1,99-282,99-284
2023-12-24 20:11:34.539,9128283H1,99-280,99-284
2023-12-24 20:11:34.554,9128283H1,99-277,99-283
2023-12-24 20:11:34.565,9128283H1,99-276,99-282
2023-12-24 20:11:34.583,9128283H1,99-276,99-280
2023-12-24 20:11:34.591,9128283H1,99-274,99-280
2023-12-24 20:11:34.608,9128283H1,99-273,99-277
2023-12-24 20:11:34.616,9128283H1,99-273,99-275
2023-12-24 20:11:34.620,9128283H1,99-271,99-275
2023-12-24 20:11:34.639,9128283H1,99-270,99-274
2023-12-24 20:11:34.653,9128283H1,99-267,99-273
2023-12-24 20:11:34.658,9128283H1,99-266,99-272
2023-12-24 20:11:34.660,9128283H1,99-266,99-270
2023-12-24 20:11:34.666,9128283H1,99-264,99-270
2023-12-24 20:11:34.667,9128283H1,99-263,99-267
2023-12-24 20:11:34.683,9128283H1,99-262,99-266
2023-12-24 20:11:34.696,9128283H1,99-261,99-265
2023-12-24 20:11:34.707,9128283H1,99-260,99-264
2023-12-24 20:11:34.713,9128283H1,99-257,99-263
2023-12-24 20:11:34.719,9128283H1,99-256,99-262
2023-12-24 20:11:34.721,9128283H1,99-255,99-261
2023-12-24 20:11:34.730,9128283H1,99-254,99-260
2023-12-24 20:11:34.743,9128283H1,99-254,99-256
2023-12-24 20:11:34.750,9128283H1,99-253,99-255
2023-12-24 20:11:34.765,9128283H1,99-252,99-254
2023-12-24 20:11:34.772,9128283H1,99-251,99-253
2023-12-24 20:11:34.791,9128283H1,99-247,99-253
2023-12-24 20:11:34.792,9128283H1,99-246,99-252
2023-12-24 20:11:34.809,9128283H1,99-245,99-251
2023-12-24 20:11:34.815,9128283H1,99-245,99-247
2023-12-24 20:11:34.818,9128283H1,99-243,99-247
2023-12-24 20:11:34.832,9128283H1,99-242,99-246
2023-12-24 20:11:34.846,9128283H1,99-241,99-245
2023-12-24 20:11:34.854,9128283H1,99-241,99-243
2023-12-24 20:11:34.860,9128283H1,99-237,99-243
2023-12-24 20:11:34.872,9128283H1,99-237,99-241
2023-12-24 20:11:34.888,9128283H1,99-236,99-240
2023-12-24 20:11:34.900,9128283H1,99-235,99-237
2023-12-24 20:11:34.911,9128283H1,99-233,99-237
2023-12-24 20:11:34.917,9128283H1,99-232,99-236
2023-12-24 20:11:34.929,9128283H1,99-231,99-235
2023-12-24 20:11:34.942,9128283H1,99-230,99-234
2023-12-24 20:11:34.953,9128283H1,99-230,99-232
2023-12-24 20:11:34.968,9128283H1,99-226,99-232
2023-12-24 20:11:34.983,9128283H1,99-225,99-231
2023-12-24 20:11:34.994,9128283H1,99-224,99-230
2023-12-24 20:11:34.998,9128283H1,99-224,99-226
2023-12-24 20:11:35.017,9128283H1,99-223,99-225
2023-12-24 20:11:35.021,9128283H1,99-222,99-224
2023-12-24 20:11:35.041,9128283H1,99-220,99-224
2023-12-24 20:11:35.056,9128283H1,99-220,99-222
2023-12-24 20:11:35.064,9128283H1,99-216,99-222
2023-12-24 20:11:35.068,9128283H1,99-216,99-220
2023-12-24 20:11:35.070,9128283H1,99-214,99-220
2023-12-24 20:11:35.074,9128283H1,99-213,99-217
2023-12-24 20:11:35.085,9128283H1,99-213,99-215
2023-12-24 20:11:35.097,9128283H1,99-211,99-215
2023-12-24 20:11:35.110,9128283H1,99-210,99-214
2023-12-24 20:11:35.127,9128283H1,99-207,99-213
2023-12-24 20:11:35.137,9128283H1,99-207,99-211
2023-12-24 20:11:35.157,9128283H1,99-205,99-211
2023-12-24 20:11:35.164,9128283H1,99-205,99-207
2023-12-24 20:11:35.176,9128283H1,99-203,99-207
2023-12-24 20:11:35.186,9128283H1,99-202,99-206
2023-12-24 20:11:35.199,9128283H1,99-201,99-205
2023-12-24 20:11:35.208,9128283H1,99-200,99-204
2023-12-24 20:11:35.223,9128283H1,99-200,99-202
2023-12-24 20:11:35.233,9128283H1,99-197,99-201
2023-12-24 20:11:35.249,9128283H1,99-195,99-201
2023-12-24 20:11:35.254,9128283H1,99-195,99-197
2023-12-24 20:11:35.273,9128283H1,99-194,99-196
2023-12-24 20:11:35.280,9128283H1,99-193,99-195
2023-12-24 20:11:35.298,9128283H1,99-191,99-195
2023-12-24 20:11:35.308,9128283H1,99-190,99-194
2023-12-24 20:11:35.326,9128283H1,99-190,99-192
2023-12-24 20:11:35.343,9128283H1,99-187,99-191
2023-12-24 20:11:35.345,9128283H1,99-185,99-191
2023-12-24 20:11:35.362,9128283H1,99-185,99-187
2023-12-24 20:11:35.367,9128283H1,99-184,99-186
2023-12-24 20:11:35.374,9128283H1,99-183,99-185
2023-12-24 20:11:35.384,9128283H1,99-181,99-185
2023-12-24 20:11:35.397,9128283H1,99-181,99-183
2023-12-24 20:11:35.399,9128283H1,99-180,99-182
2023-12-24 20:11:35.406,9128283H1,99-177,99-181
2023-12-24 20:11:35.409,9128283H1,99-175,99-181
2023-12-24 20:11:35.416,9128283H1,99-175,99-177
2023-12-24 20:11:35.427,9128283H1,99-173,99-177
2023-12-24 20:11:35.441,9128283H1,99-173,99-175
2023-12-24 20:11:35.447,9128283H1,99-171,99-175
2023-12-24 20:11:35.454,9128283H1,99-170,99-174
2023-12-24 20:11:35.458,9128283H1,99-170,99-172
2023-12-24 20:11:35.459,9128283H1,99-166,99-172
2023-12-24 20:11:35.468,9128283H1,99-166,99-170
2023-12-24 20:11:35.474,9128283H1,99-165,99-167
2023-12-24 20:11:35.478,9128283H1,99-163,99-167
2023-12-24 20:11:35.480,9128283H1,99-162,99-166
2023-12-24 20:11:35.492,9128283H1,99-161,99-165
2023-12-24 20:11:35.500,9128283H1,99-160,99-164
2023-12-24 20:11:35.518,9128283H1,99-157,99-163
2023-12-24 20:11:35.530,9128283H1,99-156,99-162
2023-12-24 20:11:35.533,9128283H1,99-156,99-160
2023-12-24 20:11:35.535,9128283H1,99-154,99-160
2023-12-24 20:11:35.537,9128283H1,99-154,99-156
2023-12-24 20:11:35.540,9128283H1,99-152,99-156
2023-12-24 20:11:35.560,9128283H1,99-152,99-154
2023-12-24 20:11:35.572,9128283H1,99-150,99-154
2023-12-24 20:11:35.577,9128283H1,99-147,99-153
2023-12-24 20:11:35.592,9128283H1,99-146,99-152
2023-12-24 20:11:35.608,9128283H1,99-146,99-150
2023-12-24 20:11:35.624,9128283H1,99-145,99-147
2023-12-24 20:11:35.640,9128283H1,99-144,99-146
2023-12-24 20:11:35.660,9128283H1,99-142,99-146
2023-12-24 20:11:35.673,9128283H1,99-141,99-145
2023-12-24 20:11:35.692,9128283H1,99-141,99-143
2023-12-24 20:11:35.697,9128283H1,99-140,99-142
2023-12-24 20:11:35.709,9128283H1,99-136,99-142
2023-12-24 20:11:35.729,9128283H1,99-135,99-141
2023-12-24 20:11:35.747,9128283H1,99-135,99-137
2023-12-24 20:11:35.748,9128283H1,99-133,99-137
2023-12-24 20:11:35.760,9128283H1,99-132,99-136
2023-12-24 20:11:35.762,9128283H1,99-132,99-134
2023-12-24 20:11:35.766,9128283H1,99-131,99-133
2023-12-24 20:11:35.784,9128283H1,99-130,99-132
2023-12-24 20:11:35.793,9128283H1,99-127,99-131
2023-12-24 20:11:35.802,9128283H1,99-126,99-130
2023-12-24 20:11:35.805,9128283H1,99-125,99-127
2023-12-24 20:11:35.809,9128283H1,99-124,99-126
2023-12-24 20:11:35.815,9128283H1,99-122,99-126
2023-12-24 20:11:35.826,9128283H1,99-121,99-125
2023-12-24 20:11:35.831,9128283H1,99-120,99-124
2023-12-24 20:11:35.843,9128283H1,99-120,99-122
2023-12-24 20:11:35.853,9128283H1,99-117,99-121
2023-12-24 20:11:35.866,9128283H1,99-115,99-121
2023-12-24 20:11:35.876,9128283H1,99-114,99-120
2023-12-24 20:11:35.882,9128283H1,99-113,99-117
2023-12-24 20:11:35.889,9128283H1,99-112,99-116
2023-12-24 20:11:35.898,9128283H1,99-111,99-115
2023-12-24 20:11:35.901,9128283H1,99-111,99-113
2023-12-24 20:11:35.903,9128283H1,99-110,99-112
2023-12-24 20:11:35.917,9128283H1,99-107,99-111
2023-12-24 20:11:35.927,9128283H1,99-105,99-111
2023-12-24 20:11:35.928,9128283H1,99-104,99-110
2023-12-24 20:11:35.942,9128283H1,99-103,99-107
2023-12-24 20:11:35.958,9128283H1,99-102,99-106
2023-12-24 20:11:35.978,9128283H1,99-101,99-105
2023-12-24 20:11:35.987,9128283H1,99-100,99-104
2023-12-24 20:11:36.000,9128283H1,99-100,99-102
2023-12-24 20:11:36.008,9128283H1,99-097,99-101
2023-12-24 20:11:36.012,9128283H1,99-096,99-100
2023-12-24 20:11:36.016,9128283H1,99-095,99-097
2023-12-24 20:11:36.028,9128283H1,99-093,99-097
2023-12-24 20:11:36.041,9128283H1,99-093,99-095
2023-12-24 20:11:36.061,9128283H1,99-091,99-095
2023-12-24 20:11:36.067,9128283H1,99-091,99-093
2023-12-24 20:11:36.078,9128283H1,99-090,99-092
2023-12-24 20:11:36.097,9128283H1,99-086,99-092
2023-12-24 20:11:36.102,9128283H1,99-086,99-090
2023-12-24 20:11:36.112,9128283H1,99-085,99-087
2023-12-24 20:11:36.123,9128283H1,99-084,99-086
2023-12-24 20:11:36.138,9128283H1,99-083,99-085
2023-12-24 20:11:36.157,9128283H1,99-082,99-084
2023-12-24 20:11:36.166,9128283H1,99-081,99-083
2023-12-24 20:11:36.180,9128283H1,99-080,99-082
2023-12-24 20:11:36.196,9128283H1,99-077,99-081
2023-12-24 20:11:36.197,9128283H1,99-076,99-080
2023-12-24 20:11:36.204,9128283H1,99-074,99-080
2023-12-24 20:11:36.209,9128283H1,99-073,99-077
2023-12-24 20:11:36.229,9128283H1,99-073,99-075
2023-12-24 20:11:36.233,9128283H1,99-071,99-075
2023-12-24 20:11:36.240,9128283H1,99-070,99-074
2023-12-24 20:11:36.245,9128283H1,99-070,99-072
2023-12-24 20:11:36.248,9128283H1,99-067,99-071
2023-12-24 20:11:36.262,9128283H1,99-065,99-071
2023-12-24 20:11:36.267,9128283H1,99-064,99-070
2023-12-24 20:11:36.269,9128283H1,99-064,99-066
2023-12-24 20:11:36.275,9128283H1,99-063,99-065
2023-12-24 20:11:36.285,9128283H1,99-061,99-065
2023-12-24 20:11:36.292,9128283H1,99-061,99-063
2023-12-24 20:11:36.305,9128283H1,99-060,99-062
2023-12-24 20:11:36.323,9128283H1,99-056,99-062
2023-12-24 20:11:36.341,9128283H1,99-055,99-061
2023-12-24 20:11:36.345,9128283H1,99-054,99-060
2023-12-24 20:11:36.362,9128283H1,99-054,99-056
2023-12-24 20:11:36.382,9128283H1,99-052,99-056
2023-12-24 20:11:36.386,9128283H1,99-052,99-054
2023-12-24 20:11:36.402,9128283H1,99-051,99-053
2023-12-24 20:11:36.410,9128283H1,99-047,99-053
2023-12-24 20:11:36.430,9128283H1,99-047,99-051
2023-12-24 20:11:36.440,9128283H1,99-046,99-050
2023-12-24 20:11:36.453,9128283H1,99-044,99-050
2023-12-24 20:11:36.470,9128283H1,99-043,99-047
2023-12-24 20:11:36.479,9128283H1,99-043,99-045
2023-12-24 20:11:36.495,9128283H1,99-041,99-045
2023-12-24 20:11:36.505,9128283H1,99-041,99-043
2023-12-24 20:11:36.513,9128283H1,99-040,99-042
2023-12-24 20:11:36.524,9128283H1,99-036,99-042
2023-12-24 20:11:36.532,9128283H1,99-035,99-041
2023-12-24 20:11:36.540,9128283H1,99-035,99-037
2023-12-24 20:11:36.557,9128283H1,99-033,99-037
2023-12-24 20:11:36.570,9128283H1,99-033,99-035
2023-12-24 20:11:36.582,9128283H1,99-032,99-034
2023-12-24 20:11:36.587,9128283H1,99-031,99-033
2023-12-24 20:11:36.595,9128283H1,99-030,99-032
2023-12-24 20:11:26.443,9128283L2,98-316,99-002
2023-12-24 20:11:26.462,9128283L2,98-320,99-002
2023-12-24 20:11:26.479,9128283L2,99-001,99-003
2023-12-24 20:11:26.487,9128283L2,99-001,99-005
2023-12-24 20:11:26.501,9128283L2,99-003,99-005
2023-12-24 20:11:26.521,9128283L2,99-004,99-006
2023-12-24 20:11:26.528,9128283L2,99-004,99-010
2023-12-24 20:11:26.547,9128283L2,99-006,99-010
2023-12-24 20:11:26.552,9128283L2,99-007,99-011
2023-12-24 20:11:26.560,9128283L2,99-007,99-013
2023-12-24 20:11:26.566,9128283L2,99-011,99-013
2023-12-24 20:11:26.582,9128283L2,99-012,99-014
2023-12-24 20:11:26.590,9128283L2,99-012,99-016
2023-12-24 20:11:26.599,9128283L2,99-014,99-016
2023-12-24 20:11:26.617,9128283L2,99-014,99-020
2023-12-24 20:11:26.621,9128283L2,99-016,99-020
2023-12-24 20:11:26.635,9128283L2,99-017,99-021
2023-12-24 20:11:26.653,9128283L2,99-017,99-023
2023-12-24 20:11:26.657,9128283L2,99-020,99-024
2023-12-24 20:11:26.665,9128283L2,99-022,99-024
2023-12-24 20:11:26.678,9128283L2,99-022,99-026
2023-12-24 20:11:26.694,9128283L2,99-023,99-027
2023-12-24 20:11:26.696,9128283L2,99-024,99-030
2023-12-24 20:11:26.711,9128283L2,99-026,99-030
2023-12-24 20:11:26.729,9128283L2,99-026,99-032
2023-12-24 20:11:26.737,9128283L2,99-030,99-032
2023-12-24 20:11:26.755,9128283L2,99-030,99-034
2023-12-24 20:11:26.775,9128283L2,99-032,99-034
2023-12-24 20:11:26.794,9128283L2,99-032,99-036
2023-12-24 20:11:26.797,9128283L2,99-034,99-036
2023-12-24 20:11:26.804,9128283L2,99-034,99-040
2023-12-24 20:11:26.813,9128283L2,99-036,99-040
2023-12-24 20:11:26.826,9128283L2,99-037,99-041
2023-12-24 20:11:26.834,9128283L2,99-040,99-042
2023-12-24 20:11:26.848,9128283L2,99-040,99-044
2023-12-24 20:11:26.860,9128283L2,99-042,99-044
2023-12-24 20:11:26.871,9128283L2,99-043,99-045
2023-12-24 20:11:26.884,9128283L2,99-043,99-047
2023-12-24 20:11:26.899,9128283L2,99-045,99-047
2023-12-24 20:11:26.917,9128283L2,99-045,99-051
2023-12-24 20:11:26.936,9128283L2,99-047,99-051
2023-12-24 20:11:26.948,9128283L2,99-047,99-053
2023-12-24 20:11:26.959,9128283L2,99-051,99-053
2023-12-24 20:11:26.960,9128283L2,99-051,99-055
2023-12-24 20:11:26.979,9128283L2,99-052,99-056
2023-12-24 20:11:26.986,9128283L2,99-053,99-057
2023-12-24 20:11:26.991,9128283L2,99-054,99-060
2023-12-24 20:11:27.001,9128283L2,99-056,99-060
2023-12-24 20:11:27.009,9128283L2,99-057,99-061
2023-12-24 20:11:27.014,9128283L2,99-057,99-063
2023-12-24 20:11:27.018,9128283L2,99-060,99-064
2023-12-24 20:11:27.028,9128283L2,99-062,99-064
2023-12-24 20:11:27.038,9128283L2,99-063,99-065
2023-12-24 20:11:27.052,9128283L2,99-063,99-067
2023-12-24 20:11:27.054,9128283L2,99-064,99-070
2023-12-24 20:11:27.067,9128283L2,99-066,99-070
2023-12-24 20:11:27.071,9128283L2,99-066,99-072
2023-12-24 20:11:27.083,9128283L2,99-067,99-073
2023-12-24 20:11:27.097,9128283L2,99-071,99-073
2023-12-24 20:11:27.117,9128283L2,99-071,99-075
2023-12-24 20:11:27.136,9128283L2,99-072,99-076
2023-12-24 20:11:27.142,9128283L2,99-074,99-076
2023-12-24 20:11:27.147,9128283L2,99-074,99-080
2023-12-24 20:11:27.162,9128283L2,99-076,99-080
2023-12-24 20:11:27.182,9128283L2,99-076,99-082
2023-12-24 20:11:27.185,9128283L2,99-077,99-083
2023-12-24 20:11:27.191,9128283L2,99-081,99-083
2023-12-24 20:11:27.199,9128283L2,99-082,99-084
2023-12-24 20:11:27.209,9128283L2,99-083,99-085
2023-12-24 20:11:27.213,9128283L2,99-084,99-086
2023-12-24 20:11:27.226,9128283L2,99-084,99-090
2023-12-24 20:11:27.233,9128283L2,99-086,99-090
2023-12-24 20:11:27.247,9128283L2,99-086,99-092
2023-12-24 20:11:27.252,9128283L2,99-090,99-092
2023-12-24 20:11:27.272,9128283L2,99-091,99-093
2023-12-24 20:11:27.274,9128283L2,99-092,99-094
2023-12-24 20:11:27.293,9128283L2,99-092,99-096
2023-12-24 20:11:27.312,9128283L2,99-094,99-096
2023-12-24 20:11:27.326,9128283L2,99-094,99-100
2023-12-24 20:11:27.339,9128283L2,99-096,99-100
2023-12-24 20:11:27.345,9128283L2,99-096,99-102
2023-12-24 20:11:27.349,9128283L2,99-097,99-103
2023-12-24 20:11:27.365,9128283L2,99-100,99-104
2023-12-24 20:11:27.382,9128283L2,99-102,99-104
2023-12-24 20:11:27.400,9128283L2,99-103,99-105
2023-12-24 20:11:27.417,9128283L2,99-104,99-106
2023-12-24 20:11:27.432,9128283L2,99-104,99-110
2023-12-24 20:11:27.445,9128283L2,99-105,99-111
2023-12-24 20:11:27.451,9128283L2,99-107,99-111
2023-12-24 20:11:27.467,9128283L2,99-110,99-112
2023-12-24 20:11:27.482,9128283L2,99-111,99-113
2023-12-24 20:11:27.496,9128283L2,99-111,99-115
2023-12-24 20:11:27.503,9128283L2,99-113,99-115
2023-12-24 20:11:27.519,9128283L2,99-113,99-117
2023-12-24 20:11:27.539,9128283L2,99-115,99-117
2023-12-24 20:11:27.557,9128283L2,99-115,99-121
2023-12-24 20:11:27.568,9128283L2,99-117,99-121
2023-12-24 20:11:27.581,9128283L2,99-117,99-123
2023-12-24 20:11:27.594,9128283L2,99-120,99-124
2023-12-24 20:11:27.613,9128283L2,99-121,99-125
2023-12-24 20:11:27.627,9128283L2,99-122,99-126
2023-12-24 20:11:27.632,9128283L2,99-123,99-127
2023-12-24 20:11:27.637,9128283L2,99-125,99-127
2023-12-24 20:11:27.647,9128283L2,99-125,99-131
2023-12-24 20:11:27.651,9128283L2,99-127,99-131
2023-12-24 20:11:27.655,9128283L2,99-127,99-133
2023-12-24 20:11:27.662,9128283L2,99-130,99-134
2023-12-24 20:11:27.663,9128283L2,99-131,99-135
2023-12-24 20:11:27.667,9128283L2,99-132,99-136
2023-12-24 20:11:27.681,9128283L2,99-134,99-136
2023-12-24 20:11:27.701,9128283L2,99-135,99-137
2023-12-24 20:11:27.705,9128283L2,99-136,99-140
2023-12-24 20:11:27.717,9128283L2,99-137,99-141
2023-12-24 20:11:27.724,9128283L2,99-140,99-142
2023-12-24 20:11:27.738,9128283L2,99-141,99-143
2023-12-24 20:11:27.754,9128283L2,99-141,99-145
2023-12-24 20:11:27.764,9128283L2,99-142,99-146
2023-12-24 20:11:27.770,9128283L2,99-143,99-147
2023-12-24 20:11:27.783,9128283L2,99-145,99-147
2023-12-24 20:11:27.794,9128283L2,99-146,99-150
2023-12-24 20:11:27.805,9128283L2,99-146,99-152
2023-12-24 20:11:27.809,9128283L2,99-150,99-152
2023-12-24 20:11:27.816,9128283L2,99-151,99-153
2023-12-24 20:11:27.831,9128283L2,99-151,99-155
2023-12-24 20:11:27.842,9128283L2,99-152,99-156
2023-12-24 20:11:27.857,9128283L2,99-154,99-156
2023-12-24 20:11:27.867,9128283L2,99-154,99-160
2023-12-24 20:11:27.881,9128283L2,99-156,99-160
2023-12-24 20:11:27.899,9128283L2,99-157,99-161
2023-12-24 20:11:27.904,9128283L2,99-157,99-163
2023-12-24 20:11:27.923,9128283L2,99-161,99-163
2023-12-24 20:11:27.935,9128283L2,99-161,99-165
2023-12-24 20:11:27.944,9128283L2,99-163,99-165
2023-12-24 20:11:27.948,9128283L2,99-164,99-166
2023-12-24 20:11:27.955,9128283L2,99-165,99-167
2023-12-24 20:11:27.956,9128283L2,99-165,99-171
2023-12-24 20:11:27.958,9128283L2,99-166,99-172
2023-12-24 20:11:27.969,9128283L2,99-167,99-173
2023-12-24 20:11:27.986,9128283L2,99-170,99-174
2023-12-24 20:11:27.992,9128283L2,99-171,99-175
2023-12-24 20:11:27.994,9128283L2,99-173,99-175
2023-12-24 20:11:27.999,9128283L2,99-174,99-176
2023-12-24 20:11:28.015,9128283L2,99-174,99-180
2023-12-24 20:11:28.025,9128283L2,99-175,99-181
2023-12-24 20:11:28.041,9128283L2,99-176,99-182
2023-12-24 20:11:28.048,9128283L2,99-177,99-183
2023-12-24 20:11:28.063,9128283L2,99-181,99-183
2023-12-24 20:11:28.073,9128283L2,99-182,99-184
2023-12-24 20:11:28.092,9128283L2,99-183,99-185
2023-12-24 20:11:28.099,9128283L2,99-184,99-186
2023-12-24 20:11:28.103,9128283L2,99-185,99-187
2023-12-24 20:11:28.118,9128283L2,99-185,99-191
2023-12-24 20:11:28.133,9128283L2,99-187,99-191
2023-12-24 20:11:28.147,9128283L2,99-190,99-192
2023-12-24 20:11:28.156,9128283L2,99-190,99-194
2023-12-24 20:11:28.173,9128283L2,99-191,99-195
2023-12-24 20:11:28.176,9128283L2,99-192,99-196
2023-12-24 20:11:28.177,9128283L2,99-194,99-196
2023-12-24 20:11:28.180,9128283L2,99-195,99-197
2023-12-24 20:11:28.200,9128283L2,99-196,99-200
2023-12-24 20:11:28.218,9128283L2,99-196,99-202
2023-12-24 20:11:28.223,9128283L2,99-197,99-203
2023-12-24 20:11:28.235,9128283L2,99-201,99-203
2023-12-24 20:11:28.244,9128283L2,99-202,99-204
2023-12-24 20:11:28.252,9128283L2,99-203,99-205
2023-12-24 20:11:28.267,9128283L2,99-203,99-207
2023-12-24 20:11:28.281,9128283L2,99-204,99-210
2023-12-24 20:11:28.291,9128283L2,99-205,99-211
2023-12-24 20:11:28.297,9128283L2,99-206,99-212
2023-12-24 20:11:28.304,9128283L2,99-210,99-212
2023-12-24 20:11:28.317,9128283L2,99-210,99-214
2023-12-24 20:11:28.335,9128283L2,99-211,99-215
2023-12-24 20:11:28.341,9128283L2,99-212,99-216
2023-12-24 20:11:28.342,9128283L2,99-213,99-217
2023-12-24 20:11:28.350,9128283L2,99-215,99-217
2023-12-24 20:11:28.366,9128283L2,99-215,99-221
2023-12-24 20:11:28.370,9128283L2,99-217,99-221
2023-12-24 20:11:28.384,9128283L2,99-217,99-223
2023-12-24 20:11:28.393,9128283L2,99-220,99-224
2023-12-24 20:11:28.407,9128283L2,99-221,99-225
2023-12-24 20:11:28.408,9128283L2,99-222,99-226
2023-12-24 20:11:28.421,9128283L2,99-224,99-226
2023-12-24 20:11:28.427,9128283L2,99-225,99-227
2023-12-24 20:11:28.432,9128283L2,99-226,99-230
2023-12-24 20:11:28.433,9128283L2,99-227,99-231
2023-12-24 20:11:28.453,9128283L2,99-227,99-233
2023-12-24 20:11:28.458,9128283L2,99-231,99-233
2023-12-24 20:11:28.467,9128283L2,99-232,99-234
2023-12-24 20:11:28.485,9128283L2,99-232,99-236
2023-12-24 20:11:28.497,9128283L2,99-233,99-237
2023-12-24 20:11:28.499,9128283L2,99-235,99-237
2023-12-24 20:11:28.511,9128283L2,99-235,99-241
2023-12-24 20:11:28.513,9128283L2,99-237,99-241
2023-12-24 20:11:28.525,9128283L2,99-237,99-243
2023-12-24 20:11:28.541,9128283L2,99-240,99-244
2023-12-24 20:11:28.542,9128283L2,99-242,99-244
2023-12-24 20:11:28.562,9128283L2,99-243,99-245
2023-12-24 20:11:28.581,9128283L2,99-244,99-246
2023-12-24 20:11:28.592,9128283L2,99-245,99-247
2023-12-24 20:11:28.608,9128283L2,99-246,99-250
2023-12-24 20:11:28.625,9128283L2,99-247,99-251
2023-12-24 20:11:28.636,9128283L2,99-247,99-253
2023-12-24 20:11:28.639,9128283L2,99-250,99-254
2023-12-24 20:11:28.655,9128283L2,99-252,99-254
2023-12-24 20:11:28.658,9128283L2,99-253,99-255
2023-12-24 20:11:28.673,9128283L2,99-254,99-256
2023-12-24 20:11:28.682,9128283L2,99-255,99-257
2023-12-24 20:11:28.683,9128283L2,99-256,99-260
2023-12-24 20:11:28.686,9128283L2,99-257,99-261
2023-12-24 20:11:28.701,9128283L2,99-257,99-263
2023-12-24 20:11:28.704,9128283L2,99-261,99-263
2023-12-24 20:11:28.718,9128283L2,99-262,99-264
2023-12-24 20:11:28.722,9128283L2,99-262,99-266
2023-12-24 20:11:28.729,9128283L2,99-264,99-266
2023-12-24 20:11:28.742,9128283L2,99-264,99-270
2023-12-24 20:11:28.761,9128283L2,99-266,99-270
2023-12-24 20:11:28.763,9128283L2,99-266,99-272
2023-12-24 20:11:28.769,9128283L2,99-270,99-272
2023-12-24 20:11:28.777,9128283L2,99-270,99-274
2023-12-24 20:11:28.796,9128283L2,99-272,99-274
2023-12-24 20:11:28.810,9128283L2,99-272,99-276
2023-12-24 20:11:28.827,9128283L2,99-274,99-276
2023-12-24 20:11:28.841,9128283L2,99-275,99-277
2023-12-24 20:11:28.857,9128283L2,99-275,99-281
2023-12-24 20:11:28.871,9128283L2,99-277,99-281
2023-12-24 20:11:28.881,9128283L2,99-277,99-283
2023-12-24 20:11:28.901,9128283L2,99-280,99-284
2023-12-24 20:11:28.915,9128283L2,99-281,99-285
2023-12-24 20:11:28.934,9128283L2,99-282,99-286
2023-12-24 20:11:28.948,9128283L2,99-284,99-286
2023-12-24 20:11:28.952,9128283L2,99-284,99-290
2023-12-24 20:11:28.961,9128283L2,99-286,99-290
2023-12-24 20:11:28.981,9128283L2,99-286,99-292
2023-12-24 20:11:28.992,9128283L2,99-287,99-293
2023-12-24 20:11:29.001,9128283L2,99-291,99-293
2023-12-24 20:11:29.010,9128283L2,99-291,99-295
2023-12-24 20:11:29.014,9128283L2,99-293,99-295
2023-12-24 20:11:29.016,9128283L2,99-293,99-297
2023-12-24 20:11:29.030,9128283L2,99-295,99-297
2023-12-24 20:11:29.046,9128283L2,99-295,99-301
2023-12-24 20:11:29.063,9128283L2,99-296,99-302
2023-12-24 20:11:29.075,9128283L2,99-300,99-302
2023-12-24 20:11:29.089,9128283L2,99-301,99-303
2023-12-24 20:11:29.094,9128283L2,99-301,99-305
2023-12-24 20:11:29.099,9128283L2,99-302,99-306
2023-12-24 20:11:29.100,9128283L2,99-304,99-306
2023-12-24 20:11:29.109,9128283L2,99-305,99-307
2023-12-24 20:11:29.113,9128283L2,99-306,99-310
2023-12-24 20:11:29.115,9128283L2,99-306,99-312
2023-12-24 20:11:29.116,9128283L2,99-307,99-313
2023-12-24 20:11:29.131,9128283L2,99-310,99-314
2023-12-24 20:11:29.143,9128283L2,99-312,99-314
2023-12-24 20:11:29.158,9128283L2,99-312,99-316
2023-12-24 20:11:29.178,9128283L2,99-314,99-316
2023-12-24 20:11:29.186,9128283L2,99-315,99-317
2023-12-24 20:11:29.192,9128283L2,99-315,100-001
2023-12-24 20:11:29.211,9128283L2,99-316,100-002
2023-12-24 20:11:29.218,9128283L2,99-317,100-003
2023-12-24 20:11:29.222,9128283L2,100-001,100-003
2023-12-24 20:11:29.235,9128283L2,100-001,100-005
2023-12-24 20:11:29.247,9128283L2,100-002,100-006
2023-12-24 20:11:29.249,9128283L2,100-004,100-006
2023-12-24 20:11:29.258,9128283L2,100-004,100-010
2023-12-24 20:11:29.264,9128283L2,100-006,100-010
2023-12-24 20:11:29.282,9128283L2,100-006,100-012
2023-12-24 20:11:29.294,9128283L2,100-010,100-012
2023-12-24 20:11:29.302,9128283L2,100-011,100-013
2023-12-24 20:11:29.312,9128283L2,100-012,100-014
2023-12-24 20:11:29.325,9128283L2,100-013,100-015
2023-12-24 20:11:29.333,9128283L2,100-013,100-017
2023-12-24 20:11:29.349,9128283L2,100-014,100-020
2023-12-24 20:11:29.366,9128283L2,100-016,100-020
2023-12-24 20:11:29.372,9128283L2,100-016,100-022
2023-12-24 20:11:29.389,9128283L2,100-020,100-022
2023-12-24 20:11:29.400,9128283L2,100-020,100-024
2023-12-24 20:11:29.401,9128283L2,100-022,100-024
2023-12-24 20:11:29.418,9128283L2,100-023,100-025
2023-12-24 20:11:29.428,9128283L2,100-023,100-027
2023-12-24 20:11:29.437,9128283L2,100-025,100-027
2023-12-24 20:11:29.442,9128283L2,100-025,100-031
2023-12-24 20:11:29.459,9128283L2,100-026,100-032
2023-12-24 20:11:29.478,9128283L2,100-027,100-033
2023-12-24 20:11:29.487,9128283L2,100-030,100-034
2023-12-24 20:11:29.498,9128283L2,100-032,100-034
2023-12-24 20:11:29.509,9128283L2,100-032,100-036
2023-12-24 20:11:29.523,9128283L2,100-033,100-037
2023-12-24 20:11:29.531,9128283L2,100-035,100-037
2023-12-24 20:11:29.543,9128283L2,100-035,100-041
2023-12-24 20:11:29.556,9128283L2,100-036,100-042
2023-12-24 20:11:29.572,9128283L2,100-037,100-043
2023-12-24 20:11:29.579,9128283L2,100-040,100-044
2023-12-24 20:11:29.584,9128283L2,100-041,100-045
2023-12-24 20:11:29.598,9128283L2,100-042,100-046
2023-12-24 20:11:29.611,9128283L2,100-043,100-047
2023-12-24 20:11:29.628,9128283L2,100-045,100-047
2023-12-24 20:11:29.646,9128283L2,100-045,100-051
2023-12-24 20:11:29.650,9128283L2,100-047,100-051
2023-12-24 20:11:29.654,9128283L2,100-047,100-053
2023-12-24 20:11:29.673,9128283L2,100-051,100-053
2023-12-24 20:11:29.681,9128283L2,100-052,100-054
2023-12-24 20:11:29.682,9128283L2,100-052,100-056
2023-12-24 20:11:29.701,9128283L2,100-054,100-056
2023-12-24 20:11:29.708,9128283L2,100-054,100-060
2023-12-24 20:11:29.717,9128283L2,100-055,100-061
2023-12-24 20:11:29.736,9128283L2,100-057,100-061
2023-12-24 20:11:29.746,9128283L2,100-057,100-063
2023-12-24 20:11:29.765,9128283L2,100-060,100-064
2023-12-24 20:11:29.772,9128283L2,100-062,100-064
2023-12-24 20:11:29.792,9128283L2,100-063,100-065
2023-12-24 20:11:29.794,9128283L2,100-064,100-066
2023-12-24 20:11:29.797,9128283L2,100-065,100-067
2023-12-24 20:11:29.805,9128283L2,100-065,100-071
2023-12-24 20:11:29.814,9128283L2,100-067,100-071
2023-12-24 20:11:29.817,9128283L2,100-067,100-073
2023-12-24 20:11:29.830,9128283L2,100-071,100-073
2023-12-24 20:11:29.835,9128283L2,100-072,100-074
2023-12-24 20:11:29.852,9128283L2,100-072,100-076
2023-12-24 20:11:29.858,9128283L2,100-074,100-076
2023-12-24 20:11:29.869,9128283L2,100-075,100-077
2023-12-24 20:11:29.872,9128283L2,100-076,100-080
2023-12-24 20:11:29.881,9128283L2,100-077,100-081
2023-12-24 20:11:29.893,9128283L2,100-077,100-083
2023-12-24 20:11:29.896,9128283L2,100-081,100-083
2023-12-24 20:11:29.908,9128283L2,100-081,100-085
2023-12-24 20:11:29.916,9128283L2,100-082,100-086
2023-12-24 20:11:29.920,9128283L2,100-083,100-087
2023-12-24 20:11:29.927,9128283L2,100-084,100-090
2023-12-24 20:11:29.932,9128283L2,100-086,100-090
2023-12-24 20:11:29.937,9128283L2,100-087,100-091
2023-12-24 20:11:29.938,9128283L2,100-087,100-093
2023-12-24 20:11:29.957,9128283L2,100-091,100-093
2023-12-24 20:11:29.975,9128283L2,100-091,100-095
2023-12-24 20:11:29.986,9128283L2,100-093,100-095
2023-12-24 20:11:29.997,9128283L2,100-094,100-096
2023-12-24 20:11:30.003,9128283L2,100-095,100-097
2023-12-24 20:11:30.011,9128283L2,100-095,100-101
2023-12-24 20:11:30.031,9128283L2,100-096,100-102
2023-12-24 20:11:30.037,9128283L2,100-097,100-103
2023-12-24 20:11:30.041,9128283L2,100-101,100-103
2023-12-24 20:11:30.059,9128283L2,100-102,100-104
2023-12-24 20:11:30.062,9128283L2,100-103,100-105
2023-12-24 20:11:30.066,9128283L2,100-104,100-106
2023-12-24 20:11:30.080,9128283L2,100-105,100-107
2023-12-24 20:11:30.090,9128283L2,100-105,100-111
2023-12-24 20:11:30.096,9128283L2,100-107,100-111
2023-12-24 20:11:30.111,9128283L2,100-110,100-112
2023-12-24 20:11:30.121,9128283L2,100-111,100-113
2023-12-24 20:11:30.126,9128283L2,100-111,100-115
2023-12-24 20:11:30.131,9128283L2,100-113,100-115
2023-12-24 20:11:30.137,9128283L2,100-113,100-117
2023-12-24 20:11:30.146,9128283L2,100-114,100-120
2023-12-24 20:11:30.159,9128283L2,100-116,100-120
2023-12-24 20:11:30.179,9128283L2,100-116,100-122
2023-12-24 20:11:30.195,9128283L2,100-120,100-122
2023-12-24 20:11:30.200,9128283L2,100-120,100-124
2023-12-24 20:11:30.217,9128283L2,100-122,100-124
2023-12-24 20:11:30.230,9128283L2,100-122,100-126
2023-12-24 20:11:30.249,9128283L2,100-124,100-126
2023-12-24 20:11:30.251,9128283L2,100-125,100-127
2023-12-24 20:11:30.270,9128283L2,100-125,100-131
2023-12-24 20:11:30.284,9128283L2,100-127,100-131
2023-12-24 20:11:30.296,9128283L2,100-130,100-132
2023-12-24 20:11:30.300,9128283L2,100-130,100-134
2023-12-24 20:11:30.303,9128283L2,100-132,100-134
2023-12-24 20:11:30.305,9128283L2,100-132,100-136
2023-12-24 20:11:30.324,9128283L2,100-134,100-136
2023-12-24 20:11:30.327,9128283L2,100-134,100-140
2023-12-24 20:11:30.335,9128283L2,100-136,100-140
2023-12-24 20:11:30.354,9128283L2,100-136,100-142
2023-12-24 20:11:30.362,9128283L2,100-137,100-143
2023-12-24 20:11:30.379,9128283L2,100-140,100-144
2023-12-24 20:11:30.398,9128283L2,100-141,100-145
2023-12-24 20:11:30.400,9128283L2,100-142,100-146
2023-12-24 20:11:30.413,9128283L2,100-144,100-146
2023-12-24 20:11:30.424,9128283L2,100-144,100-150
2023-12-24 20:11:30.429,9128283L2,100-146,100-150
2023-12-24 20:11:30.449,9128283L2,100-146,100-152
2023-12-24 20:11:30.461,9128283L2,100-147,100-153
2023-12-24 20:11:30.480,9128283L2,100-151,100-153
2023-12-24 20:11:30.496,9128283L2,100-151,100-155
2023-12-24 20:11:30.516,9128283L2,100-153,100-155
2023-12-24 20:11:30.520,9128283L2,100-154,100-156
2023-12-24 20:11:30.521,9128283L2,100-154,100-160
2023-12-24 20:11:30.536,9128283L2,100-155,100-161
2023-12-24 20:11:30.555,9128283L2,100-156,100-162
2023-12-24 20:11:30.574,9128283L2,100-157,100-163
2023-12-24 20:11:30.592,9128283L2,100-160,100-164
2023-12-24 20:11:30.607,9128283L2,100-161,100-165
2023-12-24 20:11:30.611,9128283L2,100-162,100-166
2023-12-24 20:11:30.614,9128283L2,100-163,100-167
2023-12-24 20:11:30.623,9128283L2,100-164,100-170
2023-12-24 20:11:30.636,9128283L2,100-165,100-171
2023-12-24 20:11:30.653,9128283L2,100-166,100-172
2023-12-24 20:11:30.661,9128283L2,100-167,100-173
2023-12-24 20:11:30.667,9128283L2,100-171,100-173
2023-12-24 20:11:30.672,9128283L2,100-172,100-174
2023-12-24 20:11:30.686,9128283L2,100-172,100-176
2023-12-24 20:11:30.702,9128283L2,100-173,100-177
2023-12-24 20:11:30.713,9128283L2,100-175,100-177
2023-12-24 20:11:30.723,9128283L2,100-175,100-181
2023-12-24 20:11:30.739,9128283L2,100-176,100-182
2023-12-24 20:11:30.748,9128283L2,100-177,100-183
2023-12-24 20:11:30.763,9128283L2,100-180,100-184
2023-12-24 20:11:30.781,9128283L2,100-181,100-185
2023-12-24 20:11:30.798,9128283L2,100-182,100-186
2023-12-24 20:11:30.805,9128283L2,100-184,100-186
2023-12-24 20:11:30.809,9128283L2,100-184,100-190
2023-12-24 20:11:30.810,9128283L2,100-185,100-191
2023-12-24 20:11:30.823,9128283L2,100-187,100-191
2023-12-24 20:11:30.828,9128283L2,100-187,100-193
2023-12-24 20:11:30.837,9128283L2,100-190,100-194
2023-12-24 20:11:30.841,9128283L2,100-191,100-195
2023-12-24 20:11:30.849,9128283L2,100-192,100-196
2023-12-24 20:11:30.851,9128283L2,100-194,100-196
2023-12-24 20:11:30.855,9128283L2,100-195,100-197
2023-12-24 20:11:30.861,9128283L2,100-196,100-200
2023-12-24 20:11:30.869,9128283L2,100-197,100-201
2023-12-24 20:11:30.882,9128283L2,100-197,100-203
2023-12-24 20:11:30.884,9128283L2,100-200,100-204
2023-12-24 20:11:30.903,9128283L2,100-201,100-205
2023-12-24 20:11:30.919,9128283L2,100-202,100-206
2023-12-24 20:11:30.936,9128283L2,100-204,100-206
2023-12-24 20:11:30.946,9128283L2,100-204,100-210
2023-12-24 20:11:30.952,9128283L2,100-205,100-211
2023-12-24 20:11:30.954,9128283L2,100-207,100-211
2023-12-24 20:11:30.969,9128283L2,100-210,100-212
2023-12-24 20:11:30.971,9128283L2,100-211,100-213
2023-12-24 20:11:30.979,9128283L2,100-212,100-214
2023-12-24 20:11:30.986,9128283L2,100-212,100-216
2023-12-24 20:11:30.987,9128283L2,100-213,100-217
2023-12-24 20:11:31.000,9128283L2,100-214,100-220
2023-12-24 20:11:31.019,9128283L2,100-216,100-220
2023-12-24 20:11:31.036,9128283L2,100-216,100-222
2023-12-24 20:11:31.046,9128283L2,100-217,100-223
2023-12-24 20:11:31.054,9128283L2,100-220,100-224
2023-12-24 20:11:31.074,9128283L2,100-222,100-224
2023-12-24 20:11:31.088,9128283L2,100-222,100-226
2023-12-24 20:11:31.102,9128283L2,100-223,100-227
2023-12-24 20:11:31.117,9128283L2,100-225,100-227
2023-12-24 20:11:31.121,9128283L2,100-225,100-231
2023-12-24 20:11:31.129,9128283L2,100-226,100-232
2023-12-24 20:11:31.143,9128283L2,100-230,100-232
2023-12-24 20:11:31.145,9128283L2,100-231,100-233
2023-12-24 20:11:31.154,9128283L2,100-232,100-234
2023-12-24 20:11:31.169,9128283L2,100-233,100-235
2023-12-24 20:11:31.186,9128283L2,100-234,100-236
2023-12-24 20:11:31.204,9128283L2,100-234,100-240
2023-12-24 20:11:31.210,9128283L2,100-235,100-241
2023-12-24 20:11:31.228,9128283L2,100-237,100-241
2023-12-24 20:11:31.234,9128283L2,100-240,100-242
2023-12-24 20:11:31.245,9128283L2,100-240,100-244
2023-12-24 20:11:31.256,9128283L2,100-242,100-244
2023-12-24 20:11:31.258,9128283L2,100-242,100-246
2023-12-24 20:11:31.262,9128283L2,100-243,100-247
2023-12-24 20:11:31.281,9128283L2,100-244,100-250
2023-12-24 20:11:31.298,9128283L2,100-246,100-250
2023-12-24 20:11:31.310,9128283L2,100-247,100-251
2023-12-24 20:11:31.327,9128283L2,100-250,100-252
2023-12-24 20:11:31.328,9128283L2,100-251,100-253
2023-12-24 20:11:31.338,9128283L2,100-251,100-255
2023-12-24 20:11:31.349,9128283L2,100-253,100-255
2023-12-24 20:11:31.350,9128283L2,100-254,100-256
2023-12-24 20:11:31.361,9128283L2,100-254,100-260
2023-12-24 20:11:31.376,9128283L2,100-255,100-261
2023-12-24 20:11:31.385,9128283L2,100-257,100-261
2023-12-24 20:11:31.404,9128283L2,100-260,100-262
2023-12-24 20:11:31.409,9128283L2,100-260,100-264
2023-12-24 20:11:31.414,9128283L2,100-262,100-264
2023-12-24 20:11:31.421,9128283L2,100-262,100-266
2023-12-24 20:11:31.430,9128283L2,100-263,100-267
2023-12-24 20:11:31.446,9128283L2,100-265,100-267
2023-12-24 20:11:31.460,9128283L2,100-265,100-271
2023-12-24 20:11:31.469,9128283L2,100-267,100-271
2023-12-24 20:11:31.478,9128283L2,100-267,100-273
2023-12-24 20:11:31.483,9128283L2,100-271,100-273
2023-12-24 20:11:31.485,9128283L2,100-272,100-274
2023-12-24 20:11:31.494,9128283L2,100-273,100-275
2023-12-24 20:11:31.495,9128283L2,100-274,100-276
2023-12-24 20:11:31.508,9128283L2,100-274,100-280
2023-12-24 20:11:31.517,9128283L2,100-276,100-280
2023-12-24 20:11:31.524,9128283L2,100-276,100-282
2023-12-24 20:11:31.527,9128283L2,100-277,100-283
2023-12-24 20:11:31.539,9128283L2,100-280,100-284
2023-12-24 20:11:31.547,9128283L2,100-282,100-284
2023-12-24 20:11:31.548,9128283L2,100-283,100-285
2023-12-24 20:11:31.559,9128283L2,100-284,100-286
2023-12-24 20:11:31.576,9128283L2,100-284,100-290
2023-12-24 20:11:31.586,9128283L2,100-285,100-291
2023-12-24 20:11:31.601,9128283L2,100-287,100-291
2023-12-24 20:11:31.615,9128283L2,100-287,100-293
2023-12-24 20:11:31.621,9128283L2,100-291,100-293
2023-12-24 20:11:31.638,9128283L2,100-291,100-295
2023-12-24 20:11:31.648,9128283L2,100-292,100-296
2023-12-24 20:11:31.651,9128283L2,100-294,100-296
2023-12-24 20:11:31.668,9128283L2,100-295,100-297
2023-12-24 20:11:31.688,9128283L2,100-295,100-301
2023-12-24 20:11:31.699,9128283L2,100-296,100-302
2023-12-24 20:11:31.705,9128283L2,100-297,100-303
2023-12-24 20:11:31.721,9128283L2,100-301,100-303
2023-12-24 20:11:31.729,9128283L2,100-302,100-304
2023-12-24 20:11:31.741,9128283L2,100-302,100-306
2023-12-24 20:11:31.751,9128283L2,100-303,100-307
2023-12-24 20:11:31.760,9128283L2,100-305,100-307
2023-12-24 20:11:31.766,9128283L2,100-306,100-310
2023-12-24 20:11:31.767,9128283L2,100-307,100-311
2023-12-24 20:11:31.774,9128283L2,100-307,100-313
2023-12-24 20:11:31.786,9128283L2,100-310,100-314
2023-12-24 20:11:31.797,9128283L2,100-311,100-315
2023-12-24 20:11:31.810,9128283L2,100-312,100-316
2023-12-24 20:11:31.825,9128283L2,100-313,100-317
2023-12-24 20:11:31.836,9128283L2,100-315,100-317
2023-12-24 20:11:31.844,9128283L2,100-315,101-001
2023-12-24 20:11:31.848,9128283L2,100-317,101-001
2023-12-24 20:11:31.857,9128283L2,100-316,101-000
2023-12-24 20:11:31.859,9128283L2,100-315,100-317
2023-12-24 20:11:31.874,9128283L2,100-314,100-316
2023-12-24 20:11:31.886,9128283L2,100-313,100-315
2023-12-24 20:11:31.894,9128283L2,100-311,100-315
2023-12-24 20:11:31.899,9128283L2,100-311,100-313
2023-12-24 20:11:31.919,9128283L2,100-307,100-313
2023-12-24 20:11:31.934,9128283L2,100-306,100-312
2023-12-24 20:11:31.943,9128283L2,100-306,100-310
2023-12-24 20:11:31.955,9128283L2,100-305,100-307
2023-12-24 20:11:31.965,9128283L2,100-304,100-306
2023-12-24 20:11:31.984,9128283L2,100-302,100-306
2023-12-24 20:11:31.992,9128283L2,100-301,100-305
2023-12-24 20:11:32.007,9128283L2,100-300,100-304
2023-12-24 20:11:32.018,9128283L2,100-297,100-303
2023-12-24 20:11:32.035,9128283L2,100-296,100-302
2023-12-24 20:11:32.041,9128283L2,100-295,100-301
2023-12-24 20:11:32.056,9128283L2,100-294,100-300
2023-12-24 20:11:32.070,9128283L2,100-293,100-297
2023-12-24 20:11:32.087,9128283L2,100-292,100-296
2023-12-24 20:11:32.107,9128283L2,100-292,100-294
2023-12-24 20:11:32.118,9128283L2,100-291,100-293
2023-12-24 20:11:32.119,9128283L2,100-290,100-292
2023-12-24 20:11:32.121,9128283L2,100-287,100-291
2023-12-24 20:11:32.135,9128283L2,100-286,100-290
2023-12-24 20:11:32.141,9128283L2,100-284,100-290
2023-12-24 20:11:32.159,9128283L2,100-283,100-287
2023-12-24 20:11:32.173,9128283L2,100-282,100-286
2023-12-24 20:11:32.176,9128283L2,100-282,100-284
2023-12-24 20:11:32.184,9128283L2,100-280,100-284
2023-12-24 20:11:32.195,9128283L2,100-277,100-283
2023-12-24 20:11:32.212,9128283L2,100-276,100-282
2023-12-24 20:11:32.225,9128283L2,100-275,100-281
2023-12-24 20:11:32.237,9128283L2,100-274,100-280
2023-12-24 20:11:32.253,9128283L2,100-274,100-276
2023-12-24 20:11:32.269,9128283L2,100-272,100-276
2023-12-24 20:11:32.281,9128283L2,100-271,100-275
2023-12-24 20:11:32.299,9128283L2,100-271,100-273
2023-12-24 20:11:32.305,9128283L2,100-270,100-272
2023-12-24 20:11:32.311,9128283L2,100-267,100-271
2023-12-24 20:11:32.330,9128283L2,100-265,100-271
2023-12-24 20:11:32.332,9128283L2,100-264,100-270
2023-12-24 20:11:32.343,9128283L2,100-263,100-267
2023-12-24 20:11:32.345,9128283L2,100-262,100-266
2023-12-24 20:11:32.353,9128283L2,100-261,100-265
2023-12-24 20:11:32.361,9128283L2,100-260,100-264
2023-12-24 20:11:32.365,9128283L2,100-257,100-263
2023-12-24 20:11:32.366,9128283L2,100-257,100-261
2023-12-24 20:11:32.383,9128283L2,100-255,100-261
2023-12-24 20:11:32.401,9128283L2,100-254,100-260
2023-12-24 20:11:32.413,9128283L2,100-253,100-257
2023-12-24 20:11:32.423,9128283L2,100-252,100-256
2023-12-24 20:11:32.433,9128283L2,100-252,100-254
2023-12-24 20:11:32.443,9128283L2,100-250,100-254
2023-12-24 20:11:32.445,9128283L2,100-250,100-252
2023-12-24 20:11:32.461,9128283L2,100-246,100-252
2023-12-24 20:11:32.466,9128283L2,100-246,100-250
2023-12-24 20:11:32.469,9128283L2,100-245,100-247
2023-12-24 20:11:32.482,9128283L2,100-243,100-247
2023-12-24 20:11:32.491,9128283L2,100-242,100-246
2023-12-24 20:11:32.493,9128283L2,100-242,100-244
2023-12-24 20:11:32.500,9128283L2,100-241,100-243
2023-12-24 20:11:32.520,9128283L2,100-237,100-243
2023-12-24 20:11:32.523,9128283L2,100-236,100-242
2023-12-24 20:11:32.530,9128283L2,100-235,100-241
2023-12-24 20:11:32.544,9128283L2,100-235,100-237
2023-12-24 20:11:32.557,9128283L2,100-233,100-237
2023-12-24 20:11:32.577,9128283L2,100-233,100-235
2023-12-24 20:11:32.595,9128283L2,100-232,100-234
2023-12-24 20:11:32.613,9128283L2,100-230,100-234
2023-12-24 20:11:32.626,9128283L2,100-230,100-232
2023-12-24 20:11:32.636,9128283L2,100-227,100-231
2023-12-24 20:11:32.645,9128283L2,100-226,100-230
2023-12-24 20:11:32.646,9128283L2,100-225,100-227
2023-12-24 20:11:32.648,9128283L2,100-224,100-226
2023-12-24 20:11:32.657,9128283L2,100-223,100-225
2023-12-24 20:11:32.662,9128283L2,100-222,100-224
2023-12-24 20:11:32.681,9128283L2,100-221,100-223
2023-12-24 20:11:32.693,9128283L2,100-217,100-223
2023-12-24 20:11:32.712,9128283L2,100-216,100-222
2023-12-24 20:11:32.719,9128283L2,100-216,100-220
2023-12-24 20:11:32.726,9128283L2,100-214,100-220
2023-12-24 20:11:32.731,9128283L2,100-213,100-217
2023-12-24 20:11:32.735,9128283L2,100-212,100-216
2023-12-24 20:11:32.755,9128283L2,100-212,100-214
2023-12-24 20:11:32.775,9128283L2,100-210,100-214
2023-12-24 20:11:32.783,9128283L2,100-207,100-213
2023-12-24 20:11:32.802,9128283L2,100-207,100-211
2023-12-24 20:11:32.816,9128283L2,100-205,100-211
2023-12-24 20:11:32.820,9128283L2,100-204,100-210
2023-12-24 20:11:32.823,9128283L2,100-203,100-207
2023-12-24 20:11:32.826,9128283L2,100-203,100-205
2023-12-24 20:11:32.834,9128283L2,100-201,100-205
2023-12-24 20:11:32.838,9128283L2,100-201,100-203
2023-12-24 20:11:32.848,9128283L2,100-197,100-203
2023-12-24 20:11:32.850,9128283L2,100-197,100-201
2023-12-24 20:11:32.870,9128283L2,100-196,100-200
2023-12-24 20:11:32.875,9128283L2,100-194,100-200
2023-12-24 20:11:32.884,9128283L2,100-194,100-196
2023-12-24 20:11:32.890,9128283L2,100-192,100-196
2023-12-24 20:11:32.900,9128283L2,100-191,100-195
2023-12-24 20:11:32.907,9128283L2,100-191,100-193
2023-12-24 20:11:32.927,9128283L2,100-190,100-192
2023-12-24 20:11:32.946,9128283L2,100-186,100-192
2023-12-24 20:11:32.950,9128283L2,100-185,100-191
2023-12-24 20:11:32.956,9128283L2,100-185,100-187
2023-12-24 20:11:32.960,9128283L2,100-183,100-187
2023-12-24 20:11:32.965,9128283L2,100-183,100-185
2023-12-24 20:11:32.983,9128283L2,100-182,100-184
2023-12-24 20:11:32.988,9128283L2,100-181,100-183
2023-12-24 20:11:33.007,9128283L2,100-180,100-182
2023-12-24 20:11:33.023,9128283L2,100-177,100-181
2023-12-24 20:11:33.027,9128283L2,100-175,100-181
2023-12-24 20:11:33.035,9128283L2,100-175,100-177
2023-12-24 20:11:33.045,9128283L2,100-174,100-176
2023-12-24 20:11:33.047,9128283L2,100-173,100-175
2023-12-24 20:11:33.056,9128283L2,100-171,100-175
2023-12-24 20:11:33.066,9128283L2,100-170,100-174
2023-12-24 20:11:33.083,9128283L2,100-170,100-172
2023-12-24 20:11:33.103,9128283L2,100-166,100-172
2023-12-24 20:11:33.108,9128283L2,100-165,100-171
2023-12-24 20:11:33.109,9128283L2,100-164,100-170
2023-12-24 20:11:33.128,9128283L2,100-163,100-167
2023-12-24 20:11:33.137,9128283L2,100-162,100-166
2023-12-24 20:11:33.139,9128283L2,100-161,100-165
2023-12-24 20:11:33.146,9128283L2,100-161,100-163
2023-12-24 20:11:33.147,9128283L2,100-157,100-163
2023-12-24 20:11:33.154,9128283L2,100-156,100-162
2023-12-24 20:11:33.171,9128283L2,100-155,100-161
2023-12-24 20:11:33.180,9128283L2,100-154,100-160
2023-12-24 20:11:33.193,9128283L2,100-154,100-156
2023-12-24 20:11:33.213,9128283L2,100-153,100-155
2023-12-24 20:11:33.216,9128283L2,100-152,100-154
2023-12-24 20:11:33.233,9128283L2,100-150,100-154
2023-12-24 20:11:33.248,9128283L2,100-147,100-153
2023-12-24 20:11:33.249,9128283L2,100-146,100-152
2023-12-24 20:11:33.264,9128283L2,100-146,100-150
2023-12-24 20:11:33.268,9128283L2,100-144,100-150
2023-12-24 20:11:33.287,9128283L2,100-144,100-146
2023-12-24 20:11:33.290,9128283L2,100-142,100-146
2023-12-24 20:11:33.291,9128283L2,100-141,100-145
2023-12-24 20:11:33.295,9128283L2,100-140,100-144
2023-12-24 20:11:33.314,9128283L2,100-137,100-143
2023-12-24 20:11:33.315,9128283L2,100-136,100-142
2023-12-24 20:11:33.334,9128283L2,100-135,100-141
2023-12-24 20:11:33.339,9128283L2,100-134,100-140
2023-12-24 20:11:33.345,9128283L2,100-134,100-136
2023-12-24 20:11:33.361,9128283L2,100-133,100-135
2023-12-24 20:11:33.364,9128283L2,100-131,100-135
2023-12-24 20:11:33.380,9128283L2,100-131,100-133
2023-12-24 20:11:33.390,9128283L2,100-127,100-133
2023-12-24 20:11:33.394,9128283L2,100-127,100-131
2023-12-24 20:11:33.396,9128283L2,100-126,100-130
2023-12-24 20:11:33.415,9128283L2,100-124,100-130
2023-12-24 20:11:33.423,9128283L2,100-123,100-127
2023-12-24 20:11:33.426,9128283L2,100-123,100-125
2023-12-24 20:11:33.445,9128283L2,100-121,100-125
2023-12-24 20:11:33.465,9128283L2,100-121,100-123
2023-12-24 20:11:33.466,9128283L2,100-120,100-122
2023-12-24 20:11:33.477,9128283L2,100-117,100-121
2023-12-24 20:11:33.489,9128283L2,100-116,100-120
2023-12-24 20:11:33.490,9128283L2,100-114,100-120
2023-12-24 20:11:33.504,9128283L2,100-113,100-117
2023-12-24 20:11:33.505,9128283L2,100-113,100-115
2023-12-24 20:11:33.521,9128283L2,100-112,100-114
2023-12-24 20:11:33.526,9128283L2,100-110,100-114
2023-12-24 20:11:33.541,9128283L2,100-110,100-112
2023-12-24 20:11:33.542,9128283L2,100-106,100-112
2023-12-24 20:11:33.549,9128283L2,100-105,100-111
2023-12-24 20:11:33.563,9128283L2,100-105,100-107
2023-12-24 20:11:33.583,9128283L2,100-104,100-106
2023-12-24 20:11:33.601,9128283L2,100-103,100-105
2023-12-24 20:11:33.610,9128283L2,100-102,100-104
2023-12-24 20:11:33.620,9128283L2,100-101,100-103
2023-12-24 20:11:33.626,9128283L2,100-100,100-102
2023-12-24 20:11:33.635,9128283L2,100-097,100-101
2023-12-24 20:11:33.655,9128283L2,100-096,100-100
2023-12-24 20:11:33.672,9128283L2,100-095,100-097
2023-12-24 20:11:33.675,9128283L2,100-094,100-096
2023-12-24 20:11:33.678,9128283L2,100-092,100-096
2023-12-24 20:11:33.688,9128283L2,100-091,100-095
2023-12-24 20:11:33.699,9128283L2,100-090,100-094
2023-12-24 20:11:33.714,9128283L2,100-090,100-092
2023-12-24 20:11:33.723,9128283L2,100-087,100-091
2023-12-24 20:11:33.735,9128283L2,100-085,100-091
2023-12-24 20:11:33.738,9128283L2,100-084,100-090
2023-12-24 20:11:33.740,9128283L2,100-083,100-087
2023-12-24 20:11:33.746,9128283L2,100-082,100-086
2023-12-24 20:11:33.756,9128283L2,100-081,100-085
2023-12-24 20:11:33.772,9128283L2,100-080,100-084
2023-12-24 20:11:33.776,9128283L2,100-080,100-082
2023-12-24 20:11:33.778,9128283L2,100-076,100-082
2023-12-24 20:11:33.779,9128283L2,100-076,100-080
2023-12-24 20:11:33.789,9128283L2,100-075,100-077
2023-12-24 20:11:33.808,9128283L2,100-073,100-077
2023-12-24 20:11:33.812,9128283L2,100-073,100-075
2023-12-24 20:11:33.825,9128283L2,100-072,100-074
2023-12-24 20:11:33.842,9128283L2,100-070,100-074
2023-12-24 20:11:33.849,9128283L2,100-067,100-073
2023-12-24 20:11:33.853,9128283L2,100-066,100-072
2023-12-24 20:11:33.863,9128283L2,100-065,100-071
2023-12-24 20:11:33.876,9128283L2,100-064,100-070
2023-12-24 20:11:33.882,9128283L2,100-064,100-066
2023-12-24 20:11:33.899,9128283L2,100-062,100-066
2023-12-24 20:11:33.917,9128283L2,100-062,100-064
2023-12-24 20:11:33.932,9128283L2,100-060,100-064
2023-12-24 20:11:33.941,9128283L2,100-057,100-063
2023-12-24 20:11:33.960,9128283L2,100-057,100-061
2023-12-24 20:11:33.977,9128283L2,100-056,100-060
2023-12-24 20:11:33.986,9128283L2,100-054,100-060
2023-12-24 20:11:34.006,9128283L2,100-053,100-057
2023-12-24 20:11:34.013,9128283L2,100-053,100-055
2023-12-24 20:11:34.028,9128283L2,100-051,100-055
2023-12-24 20:11:34.043,9128283L2,100-050,100-054
2023-12-24 20:11:34.044,9128283L2,100-050,100-052
2023-12-24 20:11:34.049,9128283L2,100-047,100-051
2023-12-24 20:11:34.051,9128283L2,100-046,100-050
2023-12-24 20:11:34.069,9128283L2,100-045,100-047
2023-12-24 20:11:34.070,9128283L2,100-044,100-046
2023-12-24 20:11:34.088,9128283L2,100-042,100-046
2023-12-24 20:11:34.098,9128283L2,100-041,100-045
2023-12-24 20:11:34.117,9128283L2,100-040,100-044
2023-12-24 20:11:34.130,9128283L2,100-037,100-043
2023-12-24 20:11:34.133,9128283L2,100-037,100-041
2023-12-24 20:11:34.134,9128283L2,100-035,100-041
2023-12-24 20:11:34.148,9128283L2,100-034,100-040
2023-12-24 20:11:34.162,9128283L2,100-034,100-036
2023-12-24 20:11:34.171,9128283L2,100-033,100-035
2023-12-24 20:11:34.182,9128283L2,100-031,100-035
2023-12-24 20:11:34.199,9128283L2,100-031,100-033
2023-12-24 20:11:34.200,9128283L2,100-030,100-032
2023-12-24 20:11:34.209,9128283L2,100-026,100-032
2023-12-24 20:11:34.211,9128283L2,100-025,100-031
2023-12-24 20:11:34.222,9128283L2,100-024,100-030
2023-12-24 20:11:34.228,9128283L2,100-023,100-027
2023-12-24 20:11:34.232,9128283L2,100-023,100-025
2023-12-24 20:11:34.243,9128283L2,100-021,100-025
2023-12-24 20:11:34.261,9128283L2,100-020,100-024
2023-12-24 20:11:34.272,9128283L2,100-017,100-023
2023-12-24 20:11:34.285,9128283L2,100-017,100-021
2023-12-24 20:11:34.292,9128283L2,100-015,100-021
2023-12-24 20:11:34.296,9128283L2,100-015,100-017
2023-12-24 20:11:34.297,9128283L2,100-014,100-016
2023-12-24 20:11:34.311,9128283L2,100-012,100-016
2023-12-24 20:11:34.312,9128283L2,100-011,100-015
2023-12-24 20:11:34.328,9128283L2,100-011,100-013
2023-12-24 20:11:34.345,9128283L2,100-010,100-012
2023-12-24 20:11:34.363,9128283L2,100-006,100-012
2023-12-24 20:11:34.376,9128283L2,100-005,100-011
2023-12-24 20:11:34.395,9128283L2,100-004,100-010
2023-12-24 20:11:34.400,9128283L2,100-003,100-007
2023-12-24 20:11:34.412,9128283L2,100-003,100-005
2023-12-24 20:11:34.422,9128283L2,100-002,100-004
2023-12-24 20:11:34.442,9128283L2,100-001,100-003
2023-12-24 20:11:34.455,9128283L2,99-317,100-003
2023-12-24 20:11:34.460,9128283L2,99-317,100-001
2023-12-24 20:11:34.470,9128283L2,99-315,100-001
2023-12-24 20:11:34.477,9128283L2,99-314,99-320
2023-12-24 20:11:34.494,9128283L2,99-313,99-317
2023-12-24 20:11:34.503,9128283L2,99-312,99-316
2023-12-24 20:11:34.516,9128283L2,99-311,99-315
2023-12-24 20:11:34.525,9128283L2,99-311,99-313
2023-12-24 20:11:34.535,9128283L2,99-307,99-313
2023-12-24 20:11:34.547,9128283L2,99-306,99-312
2023-12-24 20:11:34.550,9128283L2,99-306,99-310
2023-12-24 20:11:34.559,9128283L2,99-305,99-307
2023-12-24 20:11:34.564,9128283L2,99-304,99-306
2023-12-24 20:11:34.578,9128283L2,99-303,99-305
2023-12-24 20:11:34.594,9128283L2,99-302,99-304
2023-12-24 20:11:34.611,9128283L2,99-301,99-303
2023-12-24 20:11:34.613,9128283L2,99-300,99-302
2023-12-24 20:11:34.625,9128283L2,99-296,99-302
2023-12-24 20:11:34.626,9128283L2,99-296,99-300
2023-12-24 20:11:34.637,9128283L2,99-295,99-297
2023-12-24 20:11:34.656,9128283L2,99-293,99-297
2023-12-24 20:11:34.666,9128283L2,99-293,99-295
2023-12-24 20:11:34.685,9128283L2,99-292,99-294
2023-12-24 20:11:34.694,9128283L2,99-291,99-293
2023-12-24 20:11:34.705,9128283L2,99-287,99-293
2023-12-24 20:11:34.720,9128283L2,99-287,99-291
2023-12-24 20:11:34.739,9128283L2,99-286,99-290
2023-12-24 20:11:34.747,9128283L2,99-285,99-287
2023-12-24 20:11:34.756,9128283L2,99-283,99-287
2023-12-24 20:11:34.757,9128283L2,99-282,99-286
2023-12-24 20:11:34.767,9128283L2,99-281,99-285
2023-12-24 20:11:34.777,9128283L2,99-280,99-284
2023-12-24 20:11:34.795,9128283L2,99-280,99-282
2023-12-24 20:11:34.808,9128283L2,99-277,99-281
2023-12-24 20:11:34.810,9128283L2,99-275,99-281
2023-12-24 20:11:34.825,9128283L2,99-274,99-280
2023-12-24 20:11:34.842,9128283L2,99-273,99-277
2023-12-24 20:11:34.849,9128283L2,99-273,99-275
2023-12-24 20:11:34.866,9128283L2,99-271,99-275
2023-12-24 20:11:34.871,9128283L2,99-271,99-273
2023-12-24 20:11:34.874,9128283L2,99-267,99-273
2023-12-24 20:11:34.891,9128283L2,99-266,99-272
2023-12-24 20:11:34.892,9128283L2,99-266,99-270
2023-12-24 20:11:34.909,9128283L2,99-264,99-270
2023-12-24 20:11:34.912,9128283L2,99-264,99-266
2023-12-24 20:11:34.923,9128283L2,99-262,99-266
2023-12-24 20:11:34.939,9128283L2,99-261,99-265
2023-12-24 20:11:34.948,9128283L2,99-260,99-264
2023-12-24 20:11:34.949,9128283L2,99-257,99-263
2023-12-24 20:11:34.965,9128283L2,99-256,99-262
2023-12-24 20:11:34.977,9128283L2,99-256,99-260
2023-12-24 20:11:34.986,9128283L2,99-255,99-257
2023-12-24 20:11:35.005,9128283L2,99-254,99-256
2023-12-24 20:11:35.014,9128283L2,99-252,99-256
2023-12-24 20:11:35.017,9128283L2,99-252,99-254
2023-12-24 20:11:35.031,9128283L2,99-251,99-253
2023-12-24 20:11:35.039,9128283L2,99-247,99-253
2023-12-24 20:11:35.055,9128283L2,99-246,99-252
2023-12-24 20:11:35.063,9128283L2,99-246,99-250
2023-12-24 20:11:35.075,9128283L2,99-245,99-247
2023-12-24 20:11:35.083,9128283L2,99-243,99-247
2023-12-24 20:11:35.103,9128283L2,99-242,99-246
2023-12-24 20:11:35.116,9128283L2,99-241,99-245
2023-12-24 20:11:35.129,9128283L2,99-241,99-243
2023-12-24 20:11:35.144,9128283L2,99-237,99-243
2023-12-24 20:11:35.154,9128283L2,99-236,99-242
2023-12-24 20:11:35.173,9128283L2,99-236,99-240
2023-12-24 20:11:35.187,9128283L2,99-235,99-237
2023-12-24 20:11:35.191,9128283L2,99-233,99-237
2023-12-24 20:11:35.211,9128283L2,99-233,99-235
2023-12-24 20:11:35.222,9128283L2,99-231,99-235
2023-12-24 20:11:35.233,9128283L2,99-231,99-233
2023-12-24 20:11:35.250,9128283L2,99-227,99-233
2023-12-24 20:11:35.252,9128283L2,99-227,99-231
2023-12-24 20:11:35.267,9128283L2,99-226,99-230
2023-12-24 20:11:35.271,9128283L2,99-225,99-227
2023-12-24 20:11:35.276,9128283L2,99-224,99-226
2023-12-24 20:11:35.283,9128283L2,99-222,99-226
2023-12-24 20:11:35.303,9128283L2,99-221,99-225
2023-12-24 20:11:35.308,9128283L2,99-221,99-223
2023-12-24 20:11:35.320,9128283L2,99-217,99-223
2023-12-24 20:11:35.327,9128283L2,99-217,99-221
2023-12-24 20:11:35.333,9128283L2,99-216,99-220
2023-12-24 20:11:35.350,9128283L2,99-215,99-217
2023-12-24 20:11:35.353,9128283L2,99-213,99-217
2023-12-24 20:11:35.357,9128283L2,99-212,99-216
2023-12-24 20:11:35.367,9128283L2,99-211,99-215
2023-12-24 20:11:35.380,9128283L2,99-211,99-213
2023-12-24 20:11:35.396,9128283L2,99-210,99-212
2023-12-24 20:11:35.404,9128283L2,99-206,99-212
2023-12-24 20:11:35.406,9128283L2,99-206,99-210
2023-12-24 20:11:35.418,9128283L2,99-204,99-210
2023-12-24 20:11:35.429,9128283L2,99-203,99-207
2023-12-24 20:11:35.446,9128283L2,99-202,99-206
2023-12-24 20:11:35.464,9128283L2,99-201,99-205
2023-12-24 20:11:35.482,9128283L2,99-201,99-203
2023-12-24 20:11:35.499,9128283L2,99-197,99-203
2023-12-24 20:11:35.505,9128283L2,99-196,99-202
2023-12-24 20:11:35.508,9128283L2,99-196,99-200
2023-12-24 20:11:35.509,9128283L2,99-194,99-200
2023-12-24 20:11:35.523,9128283L2,99-194,99-196
2023-12-24 20:11:35.527,9128283L2,99-192,99-196
2023-12-24 20:11:35.537,9128283L2,99-192,99-194
2023-12-24 20:11:35.552,9128283L2,99-190,99-194
2023-12-24 20:11:35.558,9128283L2,99-187,99-193
2023-12-24 20:11:35.563,9128283L2,99-187,99-191
2023-12-24 20:11:35.564,9128283L2,99-186,99-190
2023-12-24 20:11:35.565,9128283L2,99-185,99-187
2023-12-24 20:11:35.571,9128283L2,99-184,99-186
2023-12-24 20:11:35.574,9128283L2,99-182,99-186
2023-12-24 20:11:35.588,9128283L2,99-181,99-185
2023-12-24 20:11:35.594,9128283L2,99-180,99-184
2023-12-24 20:11:35.608,9128283L2,99-177,99-183
2023-12-24 20:11:35.616,9128283L2,99-176,99-182
2023-12-24 20:11:35.623,9128283L2,99-175,99-181
2023-12-24 20:11:35.629,9128283L2,99-174,99-180
2023-12-24 20:11:35.637,9128283L2,99-173,99-177
2023-12-24 20:11:35.643,9128283L2,99-172,99-176
2023-12-24 20:11:35.663,9128283L2,99-171,99-175
2023-12-24 20:11:35.673,9128283L2,99-171,99-173
2023-12-24 20:11:35.676,9128283L2,99-167,99-173
2023-12-24 20:11:35.692,9128283L2,99-167,99-171
2023-12-24 20:11:35.709,9128283L2,99-166,99-170
2023-12-24 20:11:35.720,9128283L2,99-165,99-167
2023-12-24 20:11:35.739,9128283L2,99-163,99-167
2023-12-24 20:11:35.755,9128283L2,99-162,99-166
2023-12-24 20:11:35.761,9128283L2,99-162,99-164
2023-12-24 20:11:35.779,9128283L2,99-160,99-164
2023-12-24 20:11:35.783,9128283L2,99-157,99-163
2023-12-24 20:11:35.798,9128283L2,99-157,99-161
2023-12-24 20:11:35.801,9128283L2,99-155,99-161
2023-12-24 20:11:35.806,9128283L2,99-154,99-160
2023-12-24 20:11:35.816,9128283L2,99-154,99-156
2023-12-24 20:11:35.820,9128283L2,99-152,99-156
2023-12-24 20:11:35.839,9128283L2,99-151,99-155
2023-12-24 20:11:35.849,9128283L2,99-150,99-154
2023-12-24 20:11:35.869,9128283L2,99-150,99-152
2023-12-24 20:11:35.880,9128283L2,99-146,99-152
2023-12-24 20:11:35.885,9128283L2,99-146,99-150
2023-12-24 20:11:35.890,9128283L2,99-145,99-147
2023-12-24 20:11:35.902,9128283L2,99-144,99-146
2023-12-24 20:11:35.919,9128283L2,99-142,99-146
2023-12-24 20:11:35.925,9128283L2,99-141,99-145
2023-12-24 20:11:35.936,9128283L2,99-140,99-144
2023-12-24 20:11:35.954,9128283L2,99-140,99-142
2023-12-24 20:11:35.972,9128283L2,99-136,99-142
2023-12-24 20:11:35.983,9128283L2,99-135,99-141
2023-12-24 20:11:35.988,9128283L2,99-134,99-140
2023-12-24 20:11:35.997,9128283L2,99-133,99-137
2023-12-24 20:11:36.016,9128283L2,99-133,99-135
2023-12-24 20:11:36.023,9128283L2,99-131,99-135
2023-12-24 20:11:36.038,9128283L2,99-131,99-133
2023-12-24 20:11:36.056,9128283L2,99-127,99-133
2023-12-24 20:11:36.070,9128283L2,99-127,99-131
2023-12-24 20:11:36.090,9128283L2,99-126,99-130
2023-12-24 20:11:36.091,9128283L2,99-124,99-130
2023-12-24 20:11:36.102,9128283L2,99-124,99-126
2023-12-24 20:11:36.110,9128283L2,99-122,99-126
2023-12-24 20:11:36.116,9128283L2,99-121,99-125
2023-12-24 20:11:36.129,9128283L2,99-120,99-124
2023-12-24 20:11:36.134,9128283L2,99-117,99-123
2023-12-24 20:11:36.136,9128283L2,99-117,99-121
2023-12-24 20:11:36.147,9128283L2,99-116,99-120
2023-12-24 20:11:36.155,9128283L2,99-115,99-117
2023-12-24 20:11:36.175,9128283L2,99-114,99-116
2023-12-24 20:11:36.183,9128283L2,99-113,99-115
2023-12-24 20:11:36.200,9128283L2,99-112,99-114
2023-12-24 20:11:36.220,9128283L2,99-110,99-114
2023-12-24 20:11:36.234,9128283L2,99-107,99-113
2023-12-24 20:11:36.241,9128283L2,99-106,99-112
2023-12-24 20:11:36.256,9128283L2,99-105,99-111
2023-12-24 20:11:36.265,9128283L2,99-105,99-107
2023-12-24 20:11:36.285,9128283L2,99-104,99-106
2023-12-24 20:11:36.302,9128283L2,99-102,99-106
2023-12-24 20:11:36.310,9128283L2,99-101,99-105
2023-12-24 20:11:36.324,9128283L2,99-100,99-104
2023-12-24 20:11:36.331,9128283L2,99-100,99-102
2023-12-24 20:11:36.343,9128283L2,99-096,99-102
2023-12-24 20:11:36.353,9128283L2,99-095,99-101
2023-12-24 20:11:36.372,9128283L2,99-095,99-097
2023-12-24 20:11:36.374,9128283L2,99-094,99-096
2023-12-24 20:11:36.386,9128283L2,99-093,99-095
2023-12-24 20:11:36.406,9128283L2,99-092,99-094
2023-12-24 20:11:36.416,9128283L2,99-091,99-093
2023-12-24 20:11:36.431,9128283L2,99-090,99-092
2023-12-24 20:11:36.434,9128283L2,99-086,99-092
2023-12-24 20:11:36.442,9128283L2,99-085,99-091
2023-12-24 20:11:36.454,9128283L2,99-085,99-087
2023-12-24 20:11:36.462,9128283L2,99-084,99-086
2023-12-24 20:11:36.470,9128283L2,99-083,99-085
2023-12-24 20:11:36.480,9128283L2,99-082,99-084
2023-12-24 20:11:36.497,9128283L2,99-081,99-083
2023-12-24 20:11:36.510,9128283L2,99-077,99-083
2023-12-24 20:11:36.515,9128283L2,99-076,99-082
2023-12-24 20:11:36.519,9128283L2,99-075,99-081
2023-12-24 20:11:36.525,9128283L2,99-074,99-080
2023-12-24 20:11:36.527,9128283L2,99-073,99-077
2023-12-24 20:11:36.538,9128283L2,99-073,99-075
2023-12-24 20:11:36.543,9128283L2,99-071,99-075
2023-12-24 20:11:36.553,9128283L2,99-070,99-074
2023-12-24 20:11:36.567,9128283L2,99-070,99-072
2023-12-24 20:11:36.579,9128283L2,99-066,99-072
2023-12-24 20:11:36.596,9128283L2,99-066,99-070
2023-12-24 20:11:36.606,9128283L2,99-065,99-067
2023-12-24 20:11:36.616,9128283L2,99-063,99-067
2023-12-24 20:11:36.618,9128283L2,99-063,99-065
2023-12-24 20:11:36.631,9128283L2,99-062,99-064
2023-12-24 20:11:36.649,9128283L2,99-060,99-064
2023-12-24 20:11:36.657,9128283L2,99-057,99-063
2023-12-24 20:11:36.667,9128283L2,99-056,99-062
2023-12-24 20:11:36.674,9128283L2,99-056,99-060
2023-12-24 20:11:36.683,9128283L2,99-054,99-060
2023-12-24 20:11:36.701,9128283L2,99-054,99-056
2023-12-24 20:11:36.710,9128283L2,99-052,99-056
2023-12-24 20:11:36.722,9128283L2,99-051,99-055
2023-12-24 20:11:36.729,9128283L2,99-050,99-054
2023-12-24 20:11:36.745,9128283L2,99-047,99-053
2023-12-24 20:11:36.752,9128283L2,99-047,99-051
2023-12-24 20:11:36.760,9128283L2,99-046,99-050
2023-12-24 20:11:36.777,9128283L2,99-044,99-050
2023-12-24 20:11:36.783,9128283L2,99-044,99-046
2023-12-24 20:11:36.797,9128283L2,99-042,99-046
2023-12-24 20:11:36.801,9128283L2,99-042,99-044
2023-12-24 20:11:36.809,9128283L2,99-040,99-044
2023-12-24 20:11:36.815,9128283L2,99-037,99-043
2023-12-24 20:11:36.818,9128283L2,99-036,99-042
2023-12-24 20:11:36.831,9128283L2,99-036,99-040
2023-12-24 20:11:36.847,9128283L2,99-034,99-040
2023-12-24 20:11:36.853,9128283L2,99-033,99-037
2023-12-24 20:11:36.861,9128283L2,99-032,99-036
2023-12-24 20:11:36.867,9128283L2,99-032,99-034
2023-12-24 20:11:36.870,9128283L2,99-031,99-033
2023-12-24 20:11:36.882,9128283L2,99-030,99-032
2023-12-24 20:11:26.442,912828M80,98-316,99-002
2023-12-24 20:11:26.451,912828M80,98-317,99-003
2023-12-24 20:11:26.471,912828M80,99-001,99-003
2023-12-24 20:11:26.475,912828M80,99-001,99-005
2023-12-24 20:11:26.485,912828M80,99-002,99-006
2023-12-24 20:11:26.505,912828M80,99-004,99-006
2023-12-24 20:11:26.522,912828M80,99-004,99-010
2023-12-24 20:11:26.523,912828M80,99-006,99-010
2023-12-24 20:11:26.536,912828M80,99-007,99-011
2023-12-24 20:11:26.544,912828M80,99-010,99-012
2023-12-24 20:11:26.557,912828M80,99-010,99-014
2023-12-24 20:11:26.565,912828M80,99-012,99-014
2023-12-24 20:11:26.580,912828M80,99-012,99-016
2023-12-24 20:11:26.587,912828M80,99-013,99-017
2023-12-24 20:11:26.603,912828M80,99-015,99-017
2023-12-24 20:11:26.621,912828M80,99-016,99-020
2023-12-24 20:11:26.628,912828M80,99-016,99-022
2023-12-24 20:11:26.646,912828M80,99-017,99-023
2023-12-24 20:11:26.664,912828M80,99-020,99-024
2023-12-24 20:11:26.680,912828M80,99-021,99-025
2023-12-24 20:11:26.688,912828M80,99-022,99-026
2023-12-24 20:11:26.703,912828M80,99-023,99-027
2023-12-24 20:11:26.713,912828M80,99-025,99-027
2023-12-24 20:11:26.733,912828M80,99-025,99-031
2023-12-24 20:11:26.753,912828M80,99-026,99-032
2023-12-24 20:11:26.768,912828M80,99-027,99-033
2023-12-24 20:11:26.771,912828M80,99-030,99-034
2023-12-24 20:11:26.787,912828M80,99-032,99-034
2023-12-24 20:11:26.802,912828M80,99-033,99-035
2023-12-24 20:11:26.815,912828M80,99-033,99-037
2023-12-24 20:11:26.823,912828M80,99-034,99-040
2023-12-24 20:11:26.835,912828M80,99-035,99-041
2023-12-24 20:11:26.843,912828M80,99-036,99-042
2023-12-24 20:11:26.862,912828M80,99-040,99-042
2023-12-24 20:11:26.873,912828M80,99-040,99-044
2023-12-24 20:11:26.874,912828M80,99-041,99-045
2023-12-24 20:11:26.882,912828M80,99-042,99-046
2023-12-24 20:11:26.888,912828M80,99-043,99-047
2023-12-24 20:11:26.894,912828M80,99-045,99-047
2023-12-24 20:11:26.913,912828M80,99-045,99-051
