2023-12-24 20:11:26.969,9128283H1,98-316,1000000,2000000,BID,99-002,1000000,2000000,OFFER
2023-12-24 20:11:26.969,9128283H1,98-317,2000000,4000000,BID,99-003,2000000,4000000,OFFER
2023-12-24 20:11:26.969,9128283H1,99-001,1000000,2000000,BID,99-003,1000000,2000000,OFFER
2023-12-24 20:11:26.969,9128283H1,99-001,2000000,4000000,BID,99-005,2000000,4000000,OFFER
2023-12-24 20:11:26.969,9128283H1,99-002,1000000,2000000,BID,99-006,1000000,2000000,OFFER
2023-12-24 20:11:26.970,9128283H1,99-004,2000000,4000000,BID,99-006,2000000,4000000,OFFER
2023-12-24 20:11:26.970,9128283H1,99-004,1000000,2000000,BID,99-010,1000000,2000000,OFFER
2023-12-24 20:11:26.970,9128283H1,99-006,2000000,4000000,BID,99-010,2000000,4000000,OFFER
2023-12-24 20:11:26.970,9128283H1,99-006,1000000,2000000,BID,99-012,1000000,2000000,OFFER
2023-12-24 20:11:26.970,9128283H1,99-010,2000000,4000000,BID,99-012,2000000,4000000,OFFER
2023-12-24 20:11:26.970,9128283H1,99-011,1000000,2000000,BID,99-013,1000000,2000000,OFFER
2023-12-24 20:11:26.970,9128283H1,99-012,2000000,4000000,BID,99-014,2000000,4000000,OFFER
2023-12-24 20:11:26.970,9128283H1,99-013,1000000,2000000,BID,99-015,1000000,2000000,OFFER
2023-12-24 20:11:26.970,9128283H1,99-013,2000000,4000000,BID,99-017,2000000,4000000,OFFER
2023-12-24 20:11:26.970,9128283H1,99-014,1000000,2000000,BID,99-020,1000000,2000000,OFFER
2023-12-24 20:11:26.970,9128283H1,99-016,2000000,4000000,BID,99-020,2000000,4000000,OFFER
2023-12-24 20:11:26.970,9128283H1,99-016,1000000,2000000,BID,99-022,1000000,2000000,OFFER
2023-12-24 20:11:26.970,9128283H1,99-020,2000000,4000000,BID,99-022,2000000,4000000,OFFER
2023-12-24 20:11:26.970,9128283H1,99-021,1000000,2000000,BID,99-023,1000000,2000000,OFFER
2023-12-24 20:11:26.970,9128283H1,99-022,2000000,4000000,BID,99-024,2000000,4000000,OFFER
2023-12-24 20:11:26.970,9128283H1,99-023,1000000,2000000,BID,99-025,1000000,2000000,OFFER
2023-12-24 20:11:26.970,9128283H1,99-023,2000000,4000000,BID,99-027,2000000,4000000,OFFER
2023-12-24 20:11:26.970,9128283H1,99-024,1000000,2000000,BID,99-030,1000000,2000000,OFFER
2023-12-24 20:11:26.970,9128283H1,99-026,2000000,4000000,BID,99-030,2000000,4000000,OFFER
2023-12-24 20:11:26.970,9128283H1,99-027,1000000,2000000,BID,99-031,1000000,2000000,OFFER
2023-12-24 20:11:26.970,9128283H1,99-027,2000000,4000000,BID,99-033,2000000,4000000,OFFER
2023-12-24 20:11:26.970,9128283H1,99-031,1000000,2000000,BID,99-033,1000000,2000000,OFFER
2023-12-24 20:11:26.970,9128283H1,99-032,2000000,4000000,BID,99-034,2000000,4000000,OFFER
2023-12-24 20:11:26.970,9128283H1,99-032,1000000,2000000,BID,99-036,1000000,2000000,OFFER
2023-12-24 20:11:26.971,9128283H1,99-033,2000000,4000000,BID,99-037,2000000,4000000,OFFER
2023-12-24 20:11:26.971,9128283H1,99-035,1000000,2000000,BID,99-037,1000000,2000000,OFFER
2023-12-24 20:11:26.971,9128283H1,99-035,2000000,4000000,BID,99-041,2000000,4000000,OFFER
2023-12-24 20:11:26.971,9128283H1,99-037,1000000,2000000,BID,99-041,1000000,2000000,OFFER
2023-12-24 20:11:26.971,9128283H1,99-037,2000000,4000000,BID,99-043,2000000,4000000,OFFER
2023-12-24 20:11:26.971,9128283H1,99-041,1000000,2000000,BID,99-043,1000000,2000000,OFFER
2023-12-24 20:11:26.971,9128283H1,99-042,2000000,4000000,BID,99-044,2000000,4000000,OFFER
2023-12-24 20:11:26.971,9128283H1,99-042,1000000,2000000,BID,99-046,1000000,2000000,OFFER
2023-12-24 20:11:26.971,9128283H1,99-044,2000000,4000000,BID,99-046,2000000,4000000,OFFER
2023-12-24 20:11:26.971,9128283H1,99-044,1000000,2000000,BID,99-050,1000000,2000000,OFFER
2023-12-24 20:11:26.971,9128283H1,99-045,2000000,4000000,BID,99-051,2000000,4000000,OFFER
2023-12-24 20:11:26.971,9128283H1,99-047,1000000,2000000,BID,99-051,1000000,2000000,OFFER
2023-12-24 20:11:26.971,9128283H1,99-047,2000000,4000000,BID,99-053,2000000,4000000,OFFER
2023-12-24 20:11:26.971,9128283H1,99-050,1000000,2000000,BID,99-054,1000000,2000000,OFFER
2023-12-24 20:11:26.971,9128283H1,99-052,2000000,4000000,BID,99-054,2000000,4000000,OFFER
2023-12-24 20:11:26.971,9128283H1,99-053,1000000,2000000,BID,99-055,1000000,2000000,OFFER
2023-12-24 20:11:26.971,9128283H1,99-053,2000000,4000000,BID,99-057,2000000,4000000,OFFER
2023-12-24 20:11:26.971,9128283H1,99-054,1000000,2000000,BID,99-060,1000000,2000000,OFFER
2023-12-24 20:11:26.971,9128283H1,99-056,2000000,4000000,BID,99-060,2000000,4000000,OFFER
2023-12-24 20:11:26.971,9128283H1,99-056,1000000,2000000,BID,99-062,1000000,2000000,OFFER
2023-12-24 20:11:26.971,9128283H1,99-057,2000000,4000000,BID,99-063,2000000,4000000,OFFER
2023-12-24 20:11:26.972,9128283H1,99-061,1000000,2000000,BID,99-063,1000000,2000000,OFFER
2023-12-24 20:11:26.972,9128283H1,99-062,2000000,4000000,BID,99-064,2000000,4000000,OFFER
2023-12-24 20:11:26.972,9128283H1,99-063,1000000,2000000,BID,99-065,1000000,2000000,OFFER
2023-12-24 20:11:26.972,9128283H1,99-063,2000000,4000000,BID,99-067,2000000,4000000,OFFER
2023-12-24 20:11:26.972,9128283H1,99-065,1000000,2000000,BID,99-067,1000000,2000000,OFFER
2023-12-24 20:11:26.972,9128283H1,99-066,2000000,4000000,BID,99-070,2000000,4000000,OFFER
2023-12-24 20:11:26.972,9128283H1,99-066,1000000,2000000,BID,99-072,1000000,2000000,OFFER
2023-12-24 20:11:26.972,9128283H1,99-070,2000000,4000000,BID,99-072,2000000,4000000,OFFER
2023-12-24 20:11:26.972,9128283H1,99-070,1000000,2000000,BID,99-074,1000000,2000000,OFFER
2023-12-24 20:11:26.972,9128283H1,99-071,2000000,4000000,BID,99-075,2000000,4000000,OFFER
2023-12-24 20:11:26.972,9128283H1,99-072,1000000,2000000,BID,99-076,1000000,2000000,OFFER
2023-12-24 20:11:26.972,9128283H1,99-073,2000000,4000000,BID,99-077,2000000,4000000,OFFER
2023-12-24 20:11:26.972,9128283H1,99-075,1000000,2000000,BID,99-077,1000000,2000000,OFFER
2023-12-24 20:11:26.972,9128283H1,99-075,2000000,4000000,BID,99-081,2000000,4000000,OFFER
2023-12-24 20:11:26.972,9128283H1,99-077,1000000,2000000,BID,99-081,1000000,2000000,OFFER
2023-12-24 20:11:26.972,9128283H1,99-077,2000000,4000000,BID,99-083,2000000,4000000,OFFER
2023-12-24 20:11:26.972,9128283H1,99-080,1000000,2000000,BID,99-084,1000000,2000000,OFFER
2023-12-24 20:11:26.972,9128283H1,99-082,2000000,4000000,BID,99-084,2000000,4000000,OFFER
2023-12-24 20:11:26.972,9128283H1,99-083,1000000,2000000,BID,99-085,1000000,2000000,OFFER
2023-12-24 20:11:26.972,9128283H1,99-084,2000000,4000000,BID,99-086,2000000,4000000,OFFER
2023-12-24 20:11:26.972,9128283H1,99-085,1000000,2000000,BID,99-087,1000000,2000000,OFFER
2023-12-24 20:11:26.972,9128283H1,99-086,2000000,4000000,BID,99-090,2000000,4000000,OFFER
2023-12-24 20:11:26.973,9128283H1,99-087,1000000,2000000,BID,99-091,1000000,2000000,OFFER
2023-12-24 20:11:26.973,9128283H1,99-087,2000000,4000000,BID,99-093,2000000,4000000,OFFER
2023-12-24 20:11:26.973,9128283H1,99-090,1000000,2000000,BID,99-094,1000000,2000000,OFFER
2023-12-24 20:11:26.973,9128283H1,99-092,2000000,4000000,BID,99-094,2000000,4000000,OFFER
2023-12-24 20:11:26.973,9128283H1,99-092,1000000,2000000,BID,99-096,1000000,2000000,OFFER
2023-12-24 20:11:26.973,9128283H1,99-093,2000000,4000000,BID,99-097,2000000,4000000,OFFER
2023-12-24 20:11:26.973,9128283H1,99-095,1000000,2000000,BID,99-097,1000000,2000000,OFFER
2023-12-24 20:11:26.973,9128283H1,99-095,2000000,4000000,BID,99-101,2000000,4000000,OFFER
2023-12-24 20:11:26.973,9128283H1,99-096,1000000,2000000,BID,99-102,1000000,2000000,OFFER
2023-12-24 20:11:26.973,9128283H1,99-100,2000000,4000000,BID,99-102,2000000,4000000,OFFER
2023-12-24 20:11:26.973,9128283H1,99-100,1000000,2000000,BID,99-104,1000000,2000000,OFFER
2023-12-24 20:11:26.973,9128283H1,99-101,2000000,4000000,BID,99-105,2000000,4000000,OFFER
2023-12-24 20:11:26.973,9128283H1,99-102,1000000,2000000,BID,99-106,1000000,2000000,OFFER
2023-12-24 20:11:26.973,9128283H1,99-103,2000000,4000000,BID,99-107,2000000,4000000,OFFER
2023-12-24 20:11:26.973,9128283H1,99-104,1000000,2000000,BID,99-110,1000000,2000000,OFFER
2023-12-24 20:11:26.973,9128283H1,99-105,2000000,4000000,BID,99-111,2000000,4000000,OFFER
2023-12-24 20:11:26.973,9128283H1,99-106,1000000,2000000,BID,99-112,1000000,2000000,OFFER
2023-12-24 20:11:26.973,9128283H1,99-110,2000000,4000000,BID,99-112,2000000,4000000,OFFER
2023-12-24 20:11:26.973,9128283H1,99-111,1000000,2000000,BID,99-113,1000000,2000000,OFFER
2023-12-24 20:11:26.973,9128283H1,99-111,2000000,4000000,BID,99-115,2000000,4000000,OFFER
2023-12-24 20:11:26.973,9128283H1,99-113,1000000,2000000,BID,99-115,1000000,2000000,OFFER
2023-12-24 20:11:26.973,9128283H1,99-114,2000000,4000000,BID,99-116,2000000,4000000,OFFER
2023-12-24 20:11:26.973,9128283H1,99-114,1000000,2000000,BID,99-120,1000000,2000000,OFFER
2023-12-24 20:11:26.974,9128283H1,99-115,2000000,4000000,BID,99-121,2000000,4000000,OFFER
2023-12-24 20:11:26.974,9128283H1,99-117,1000000,2000000,BID,99-121,1000000,2000000,OFFER
2023-12-24 20:11:26.974,9128283H1,99-117,2000000,4000000,BID,99-123,2000000,4000000,OFFER
2023-12-24 20:11:26.974,9128283H1,99-120,1000000,2000000,BID,99-124,1000000,2000000,OFFER
2023-12-24 20:11:26.974,9128283H1,99-122,2000000,4000000,BID,99-124,2000000,4000000,OFFER
2023-12-24 20:11:26.974,9128283H1,99-122,1000000,2000000,BID,99-126,1000000,2000000,OFFER
2023-12-24 20:11:26.974,9128283H1,99-124,2000000,4000000,BID,99-126,2000000,4000000,OFFER
2023-12-24 20:11:26.975,9128283H1,99-125,1000000,2000000,BID,99-127,1000000,2000000,OFFER
2023-12-24 20:11:26.975,9128283H1,99-125,2000000,4000000,BID,99-131,2000000,4000000,OFFER
2023-12-24 20:11:26.975,9128283H1,99-127,1000000,2000000,BID,99-131,1000000,2000000,OFFER
2023-12-24 20:11:26.975,9128283H1,99-127,2000000,4000000,BID,99-133,2000000,4000000,OFFER
2023-12-24 20:11:26.975,9128283H1,99-130,1000000,2000000,BID,99-134,1000000,2000000,OFFER
2023-12-24 20:11:26.975,9128283H1,99-131,2000000,4000000,BID,99-135,2000000,4000000,OFFER
2023-12-24 20:11:26.975,9128283H1,99-133,1000000,2000000,BID,99-135,1000000,2000000,OFFER
2023-12-24 20:11:26.975,9128283H1,99-133,2000000,4000000,BID,99-137,2000000,4000000,OFFER
2023-12-24 20:11:26.975,9128283H1,99-135,1000000,2000000,BID,99-137,1000000,2000000,OFFER
2023-12-24 20:11:26.975,9128283H1,99-135,2000000,4000000,BID,99-141,2000000,4000000,OFFER
2023-12-24 20:11:26.975,9128283H1,99-137,1000000,2000000,BID,99-141,1000000,2000000,OFFER
2023-12-24 20:11:26.975,9128283H1,99-140,2000000,4000000,BID,99-142,2000000,4000000,OFFER
2023-12-24 20:11:26.975,9128283H1,99-140,1000000,2000000,BID,99-144,1000000,2000000,OFFER
2023-12-24 20:11:26.975,9128283H1,99-141,2000000,4000000,BID,99-145,2000000,4000000,OFFER
2023-12-24 20:11:26.975,9128283H1,99-142,1000000,2000000,BID,99-146,1000000,2000000,OFFER
2023-12-24 20:11:26.975,9128283H1,99-144,2000000,4000000,BID,99-146,2000000,4000000,OFFER
2023-12-24 20:11:26.975,9128283H1,99-145,1000000,2000000,BID,99-147,1000000,2000000,OFFER
2023-12-24 20:11:26.976,9128283H1,99-145,2000000,4000000,BID,99-151,2000000,4000000,OFFER
2023-12-24 20:11:26.976,9128283H1,99-146,1000000,2000000,BID,99-152,1000000,2000000,OFFER
2023-12-24 20:11:26.976,9128283H1,99-147,2000000,4000000,BID,99-153,2000000,4000000,OFFER
2023-12-24 20:11:26.976,9128283H1,99-151,1000000,2000000,BID,99-153,1000000,2000000,OFFER
2023-12-24 20:11:26.976,9128283H1,99-151,2000000,4000000,BID,99-155,2000000,4000000,OFFER
2023-12-24 20:11:26.976,9128283H1,99-153,1000000,2000000,BID,99-155,1000000,2000000,OFFER
2023-12-24 20:11:26.976,9128283H1,99-154,2000000,4000000,BID,99-156,2000000,4000000,OFFER
2023-12-24 20:11:26.976,9128283H1,99-154,1000000,2000000,BID,99-160,1000000,2000000,OFFER
2023-12-24 20:11:26.976,9128283H1,99-155,2000000,4000000,BID,99-161,2000000,4000000,OFFER
2023-12-24 20:11:26.976,9128283H1,99-157,1000000,2000000,BID,99-161,1000000,2000000,OFFER
2023-12-24 20:11:26.976,9128283H1,99-157,2000000,4000000,BID,99-163,2000000,4000000,OFFER
2023-12-24 20:11:26.976,9128283H1,99-160,1000000,2000000,BID,99-164,1000000,2000000,OFFER
2023-12-24 20:11:26.976,9128283H1,99-161,2000000,4000000,BID,99-165,2000000,4000000,OFFER
2023-12-24 20:11:26.976,9128283H1,99-162,1000000,2000000,BID,99-166,1000000,2000000,OFFER
2023-12-24 20:11:26.976,9128283H1,99-164,2000000,4000000,BID,99-166,2000000,4000000,OFFER
2023-12-24 20:11:26.976,9128283H1,99-165,1000000,2000000,BID,99-167,1000000,2000000,OFFER
2023-12-24 20:11:26.976,9128283H1,99-165,2000000,4000000,BID,99-171,2000000,4000000,OFFER
2023-12-24 20:11:26.976,9128283H1,99-166,1000000,2000000,BID,99-172,1000000,2000000,OFFER
2023-12-24 20:11:26.976,9128283H1,99-170,2000000,4000000,BID,99-172,2000000,4000000,OFFER
2023-12-24 20:11:26.976,9128283H1,99-171,1000000,2000000,BID,99-173,1000000,2000000,OFFER
2023-12-24 20:11:26.976,9128283H1,99-172,2000000,4000000,BID,99-174,2000000,4000000,OFFER
2023-12-24 20:11:26.976,9128283H1,99-173,1000000,2000000,BID,99-175,1000000,2000000,OFFER
2023-12-24 20:11:26.976,9128283H1,99-173,2000000,4000000,BID,99-177,2000000,4000000,OFFER
2023-12-24 20:11:26.977,9128283H1,99-174,1000000,2000000,BID,99-180,1000000,2000000,OFFER
2023-12-24 20:11:26.977,9128283H1,99-176,2000000,4000000,BID,99-180,2000000,4000000,OFFER
2023-12-24 20:11:26.977,9128283H1,99-176,1000000,2000000,BID,99-182,1000000,2000000,OFFER
2023-12-24 20:11:26.977,9128283H1,99-177,2000000,4000000,BID,99-183,2000000,4000000,OFFER
2023-12-24 20:11:26.977,9128283H1,99-181,1000000,2000000,BID,99-183,1000000,2000000,OFFER
2023-12-24 20:11:26.977,9128283H1,99-182,2000000,4000000,BID,99-184,2000000,4000000,OFFER
2023-12-24 20:11:26.977,9128283H1,99-182,1000000,2000000,BID,99-186,1000000,2000000,OFFER
2023-12-24 20:11:26.977,9128283H1,99-183,2000000,4000000,BID,99-187,2000000,4000000,OFFER
2023-12-24 20:11:26.977,9128283H1,99-184,1000000,2000000,BID,99-190,1000000,2000000,OFFER
2023-12-24 20:11:26.977,9128283H1,99-185,2000000,4000000,BID,99-191,2000000,4000000,OFFER
2023-12-24 20:11:26.977,9128283H1,99-187,1000000,2000000,BID,99-191,1000000,2000000,OFFER
2023-12-24 20:11:26.977,9128283H1,99-187,2000000,4000000,BID,99-193,2000000,4000000,OFFER
2023-12-24 20:11:26.977,9128283H1,99-191,1000000,2000000,BID,99-193,1000000,2000000,OFFER
2023-12-24 20:11:26.977,9128283H1,99-192,2000000,4000000,BID,99-194,2000000,4000000,OFFER
2023-12-24 20:11:26.977,9128283H1,99-193,1000000,2000000,BID,99-195,1000000,2000000,OFFER
2023-12-24 20:11:26.977,9128283H1,99-194,2000000,4000000,BID,99-196,2000000,4000000,OFFER
2023-12-24 20:11:26.977,9128283H1,99-195,1000000,2000000,BID,99-197,1000000,2000000,OFFER
2023-12-24 20:11:26.977,9128283H1,99-196,2000000,4000000,BID,99-200,2000000,4000000,OFFER
2023-12-24 20:11:26.977,9128283H1,99-196,1000000,2000000,BID,99-202,1000000,2000000,OFFER
2023-12-24 20:11:26.977,9128283H1,99-197,2000000,4000000,BID,99-203,2000000,4000000,OFFER
2023-12-24 20:11:26.977,9128283H1,99-200,1000000,2000000,BID,99-204,1000000,2000000,OFFER
2023-12-24 20:11:26.977,9128283H1,99-201,2000000,4000000,BID,99-205,2000000,4000000,OFFER
2023-12-24 20:11:26.977,9128283H1,99-202,1000000,2000000,BID,99-206,1000000,2000000,OFFER
2023-12-24 20:11:26.977,9128283H1,99-204,2000000,4000000,BID,99-206,2000000,4000000,OFFER
2023-12-24 20:11:26.978,9128283H1,99-204,1000000,2000000,BID,99-210,1000000,2000000,OFFER
2023-12-24 20:11:26.978,9128283H1,99-206,2000000,4000000,BID,99-210,2000000,4000000,OFFER
2023-12-24 20:11:26.978,9128283H1,99-207,1000000,2000000,BID,99-211,1000000,2000000,OFFER
2023-12-24 20:11:26.978,9128283H1,99-207,2000000,4000000,BID,99-213,2000000,4000000,OFFER
2023-12-24 20:11:26.978,9128283H1,99-210,1000000,2000000,BID,99-214,1000000,2000000,OFFER
2023-12-24 20:11:26.978,9128283H1,99-212,2000000,4000000,BID,99-214,2000000,4000000,OFFER
2023-12-24 20:11:26.978,9128283H1,99-212,1000000,2000000,BID,99-216,1000000,2000000,OFFER
2023-12-24 20:11:26.978,9128283H1,99-214,2000000,4000000,BID,99-216,2000000,4000000,OFFER
2023-12-24 20:11:26.978,9128283H1,99-214,1000000,2000000,BID,99-220,1000000,2000000,OFFER
2023-12-24 20:11:26.978,9128283H1,99-215,2000000,4000000,BID,99-221,2000000,4000000,OFFER
2023-12-24 20:11:26.978,9128283H1,99-216,1000000,2000000,BID,99-222,1000000,2000000,OFFER
2023-12-24 20:11:26.978,9128283H1,99-217,2000000,4000000,BID,99-223,2000000,4000000,OFFER
2023-12-24 20:11:26.978,9128283H1,99-220,1000000,2000000,BID,99-224,1000000,2000000,OFFER
2023-12-24 20:11:26.978,9128283H1,99-221,2000000,4000000,BID,99-225,2000000,4000000,OFFER
2023-12-24 20:11:26.978,9128283H1,99-223,1000000,2000000,BID,99-225,1000000,2000000,OFFER
2023-12-24 20:11:26.978,9128283H1,99-224,2000000,4000000,BID,99-226,2000000,4000000,OFFER
2023-12-24 20:11:26.978,9128283H1,99-224,1000000,2000000,BID,99-230,1000000,2000000,OFFER
2023-12-24 20:11:26.978,9128283H1,99-226,2000000,4000000,BID,99-230,2000000,4000000,OFFER
2023-12-24 20:11:26.978,9128283H1,99-227,1000000,2000000,BID,99-231,1000000,2000000,OFFER
2023-12-24 20:11:26.978,9128283H1,99-230,2000000,4000000,BID,99-232,2000000,4000000,OFFER
2023-12-24 20:11:26.978,9128283H1,99-231,1000000,2000000,BID,99-233,1000000,2000000,OFFER
2023-12-24 20:11:26.978,9128283H1,99-231,2000000,4000000,BID,99-235,2000000,4000000,OFFER
2023-12-24 20:11:26.978,9128283H1,99-233,1000000,2000000,BID,99-235,1000000,2000000,OFFER
2023-12-24 20:11:26.978,9128283H1,99-233,2000000,4000000,BID,99-237,2000000,4000000,OFFER
2023-12-24 20:11:26.979,9128283H1,99-234,1000000,2000000,BID,99-240,1000000,2000000,OFFER
2023-12-24 20:11:26.979,9128283H1,99-235,2000000,4000000,BID,99-241,2000000,4000000,OFFER
2023-12-24 20:11:26.979,9128283H1,99-236,1000000,2000000,BID,99-242,1000000,2000000,OFFER
2023-12-24 20:11:26.979,9128283H1,99-237,2000000,4000000,BID,99-243,2000000,4000000,OFFER
2023-12-24 20:11:26.979,9128283H1,99-240,1000000,2000000,BID,99-244,1000000,2000000,OFFER
2023-12-24 20:11:26.979,9128283H1,99-241,2000000,4000000,BID,99-245,2000000,4000000,OFFER
2023-12-24 20:11:26.979,9128283H1,99-242,1000000,2000000,BID,99-246,1000000,2000000,OFFER
2023-12-24 20:11:26.979,9128283H1,99-243,2000000,4000000,BID,99-247,2000000,4000000,OFFER
2023-12-24 20:11:26.979,9128283H1,99-244,1000000,2000000,BID,99-250,1000000,2000000,OFFER
2023-12-24 20:11:26.979,9128283H1,99-245,2000000,4000000,BID,99-251,2000000,4000000,OFFER
2023-12-24 20:11:26.979,9128283H1,99-247,1000000,2000000,BID,99-251,1000000,2000000,OFFER
2023-12-24 20:11:26.979,9128283H1,99-250,2000000,4000000,BID,99-252,2000000,4000000,OFFER
2023-12-24 20:11:26.979,9128283H1,99-251,1000000,2000000,BID,99-253,1000000,2000000,OFFER
2023-12-24 20:11:26.979,9128283H1,99-251,2000000,4000000,BID,99-255,2000000,4000000,OFFER
2023-12-24 20:11:26.979,9128283H1,99-253,1000000,2000000,BID,99-255,1000000,2000000,OFFER
2023-12-24 20:11:26.979,9128283H1,99-254,2000000,4000000,BID,99-256,2000000,4000000,OFFER
2023-12-24 20:11:26.980,9128283H1,99-255,1000000,2000000,BID,99-257,1000000,2000000,OFFER
2023-12-24 20:11:26.980,9128283H1,99-255,2000000,4000000,BID,99-261,2000000,4000000,OFFER
2023-12-24 20:11:26.980,9128283H1,99-256,1000000,2000000,BID,99-262,1000000,2000000,OFFER
2023-12-24 20:11:26.980,9128283H1,99-257,2000000,4000000,BID,99-263,2000000,4000000,OFFER
2023-12-24 20:11:26.980,9128283H1,99-261,1000000,2000000,BID,99-263,1000000,2000000,OFFER
2023-12-24 20:11:26.980,9128283H1,99-261,2000000,4000000,BID,99-265,2000000,4000000,OFFER
2023-12-24 20:11:26.980,9128283H1,99-262,1000000,2000000,BID,99-266,1000000,2000000,OFFER
2023-12-24 20:11:26.980,9128283H1,99-264,2000000,4000000,BID,99-266,2000000,4000000,OFFER
2023-12-24 20:11:26.980,9128283H1,99-264,1000000,2000000,BID,99-270,1000000,2000000,OFFER
2023-12-24 20:11:26.980,9128283H1,99-266,2000000,4000000,BID,99-270,2000000,4000000,OFFER
2023-12-24 20:11:26.980,9128283H1,99-266,1000000,2000000,BID,99-272,1000000,2000000,OFFER
2023-12-24 20:11:26.980,9128283H1,99-270,2000000,4000000,BID,99-272,2000000,4000000,OFFER
2023-12-24 20:11:26.980,9128283H1,99-270,1000000,2000000,BID,99-274,1000000,2000000,OFFER
2023-12-24 20:11:26.980,9128283H1,99-272,2000000,4000000,BID,99-274,2000000,4000000,OFFER
2023-12-24 20:11:26.980,9128283H1,99-273,1000000,2000000,BID,99-275,1000000,2000000,OFFER
2023-12-24 20:11:26.980,9128283H1,99-274,2000000,4000000,BID,99-276,2000000,4000000,OFFER
2023-12-24 20:11:26.980,9128283H1,99-275,1000000,2000000,BID,99-277,1000000,2000000,OFFER
2023-12-24 20:11:26.980,9128283H1,99-275,2000000,4000000,BID,99-281,2000000,4000000,OFFER
2023-12-24 20:11:26.980,9128283H1,99-276,1000000,2000000,BID,99-282,1000000,2000000,OFFER
2023-12-24 20:11:26.980,9128283H1,99-280,2000000,4000000,BID,99-282,2000000,4000000,OFFER
2023-12-24 20:11:26.980,9128283H1,99-281,1000000,2000000,BID,99-283,1000000,2000000,OFFER
2023-12-24 20:11:26.980,9128283H1,99-281,2000000,4000000,BID,99-285,2000000,4000000,OFFER
2023-12-24 20:11:26.981,9128283H1,99-283,1000000,2000000,BID,99-285,1000000,2000000,OFFER
2023-12-24 20:11:26.981,9128283H1,99-283,2000000,4000000,BID,99-287,2000000,4000000,OFFER
2023-12-24 20:11:26.981,9128283H1,99-285,1000000,2000000,BID,99-287,1000000,2000000,OFFER
2023-12-24 20:11:26.981,9128283H1,99-286,2000000,4000000,BID,99-290,2000000,4000000,OFFER
2023-12-24 20:11:26.981,9128283H1,99-286,1000000,2000000,BID,99-292,1000000,2000000,OFFER
2023-12-24 20:11:26.981,9128283H1,99-287,2000000,4000000,BID,99-293,2000000,4000000,OFFER
2023-12-24 20:11:26.981,9128283H1,99-291,1000000,2000000,BID,99-293,1000000,2000000,OFFER
2023-12-24 20:11:26.981,9128283H1,99-291,2000000,4000000,BID,99-295,2000000,4000000,OFFER
2023-12-24 20:11:26.981,9128283H1,99-292,1000000,2000000,BID,99-296,1000000,2000000,OFFER
2023-12-24 20:11:26.981,9128283H1,99-293,2000000,4000000,BID,99-297,2000000,4000000,OFFER
2023-12-24 20:11:26.981,9128283H1,99-294,1000000,2000000,BID,99-300,1000000,2000000,OFFER
2023-12-24 20:11:26.981,9128283H1,99-296,2000000,4000000,BID,99-300,2000000,4000000,OFFER
2023-12-24 20:11:26.981,9128283H1,99-296,1000000,2000000,BID,99-302,1000000,2000000,OFFER
2023-12-24 20:11:26.981,9128283H1,99-297,2000000,4000000,BID,99-303,2000000,4000000,OFFER
2023-12-24 20:11:26.981,9128283H1,99-300,1000000,2000000,BID,99-304,1000000,2000000,OFFER
2023-12-24 20:11:26.981,9128283H1,99-301,2000000,4000000,BID,99-305,2000000,4000000,OFFER
2023-12-24 20:11:26.981,9128283H1,99-302,1000000,2000000,BID,99-306,1000000,2000000,OFFER
2023-12-24 20:11:26.981,9128283H1,99-303,2000000,4000000,BID,99-307,2000000,4000000,OFFER
2023-12-24 20:11:26.981,9128283H1,99-305,1000000,2000000,BID,99-307,1000000,2000000,OFFER
2023-12-24 20:11:26.981,9128283H1,99-306,2000000,4000000,BID,99-310,2000000,4000000,OFFER
2023-12-24 20:11:26.981,9128283H1,99-307,1000000,2000000,BID,99-311,1000000,2000000,OFFER
2023-12-24 20:11:26.981,9128283H1,99-310,2000000,4000000,BID,99-312,2000000,4000000,OFFER
2023-12-24 20:11:26.981,9128283H1,99-311,1000000,2000000,BID,99-313,1000000,2000000,OFFER
2023-12-24 20:11:26.981,9128283H1,99-312,2000000,4000000,BID,99-314,2000000,4000000,OFFER
2023-12-24 20:11:26.982,9128283H1,99-312,1000000,2000000,BID,99-316,1000000,2000000,OFFER
2023-12-24 20:11:26.982,9128283H1,99-313,2000000,4000000,BID,99-317,2000000,4000000,OFFER
2023-12-24 20:11:26.982,9128283H1,99-314,1000000,2000000,BID,100-000,1000000,2000000,OFFER
2023-12-24 20:11:26.982,9128283H1,99-316,2000000,4000000,BID,100-000,2000000,4000000,OFFER
2023-12-24 20:11:26.982,9128283H1,99-316,1000000,2000000,BID,100-002,1000000,2000000,OFFER
2023-12-24 20:11:26.982,9128283H1,100-000,2000000,4000000,BID,100-002,2000000,4000000,OFFER
2023-12-24 20:11:26.982,9128283H1,100-001,1000000,2000000,BID,100-003,1000000,2000000,OFFER
2023-12-24 20:11:26.982,9128283H1,100-001,2000000,4000000,BID,100-005,2000000,4000000,OFFER
2023-12-24 20:11:26.982,9128283H1,100-003,1000000,2000000,BID,100-005,1000000,2000000,OFFER
2023-12-24 20:11:26.982,9128283H1,100-004,2000000,4000000,BID,100-006,2000000,4000000,OFFER
2023-12-24 20:11:26.982,9128283H1,100-004,1000000,2000000,BID,100-010,1000000,2000000,OFFER
2023-12-24 20:11:26.982,9128283H1,100-005,2000000,4000000,BID,100-011,2000000,4000000,OFFER
2023-12-24 20:11:26.982,9128283H1,100-007,1000000,2000000,BID,100-011,1000000,2000000,OFFER
2023-12-24 20:11:26.982,9128283H1,100-010,2000000,4000000,BID,100-012,2000000,4000000,OFFER
2023-12-24 20:11:26.982,9128283H1,100-010,1000000,2000000,BID,100-014,1000000,2000000,OFFER
2023-12-24 20:11:26.982,9128283H1,100-011,2000000,4000000,BID,100-015,2000000,4000000,OFFER
2023-12-24 20:11:26.982,9128283H1,100-012,1000000,2000000,BID,100-016,1000000,2000000,OFFER
2023-12-24 20:11:26.982,9128283H1,100-014,2000000,4000000,BID,100-016,2000000,4000000,OFFER
2023-12-24 20:11:26.982,9128283H1,100-014,1000000,2000000,BID,100-020,1000000,2000000,OFFER
2023-12-24 20:11:26.982,9128283H1,100-016,2000000,4000000,BID,100-020,2000000,4000000,OFFER
2023-12-24 20:11:26.982,9128283H1,100-017,1000000,2000000,BID,100-021,1000000,2000000,OFFER
2023-12-24 20:11:26.982,9128283H1,100-020,2000000,4000000,BID,100-022,2000000,4000000,OFFER
2023-12-24 20:11:26.982,9128283H1,100-021,1000000,2000000,BID,100-023,1000000,2000000,OFFER
2023-12-24 20:11:26.982,9128283H1,100-022,2000000,4000000,BID,100-024,2000000,4000000,OFFER
2023-12-24 20:11:26.982,9128283H1,100-022,1000000,2000000,BID,100-026,1000000,2000000,OFFER
2023-12-24 20:11:26.983,9128283H1,100-024,2000000,4000000,BID,100-026,2000000,4000000,OFFER
2023-12-24 20:11:26.983,9128283H1,100-024,1000000,2000000,BID,100-030,1000000,2000000,OFFER
2023-12-24 20:11:26.983,9128283H1,100-026,2000000,4000000,BID,100-030,2000000,4000000,OFFER
2023-12-24 20:11:26.983,9128283H1,100-026,1000000,2000000,BID,100-032,1000000,2000000,OFFER
2023-12-24 20:11:26.983,9128283H1,100-027,2000000,4000000,BID,100-033,2000000,4000000,OFFER
2023-12-24 20:11:26.983,9128283H1,100-031,1000000,2000000,BID,100-033,1000000,2000000,OFFER
2023-12-24 20:11:26.983,9128283H1,100-032,2000000,4000000,BID,100-034,2000000,4000000,OFFER
2023-12-24 20:11:26.983,9128283H1,100-032,1000000,2000000,BID,100-036,1000000,2000000,OFFER
2023-12-24 20:11:26.983,9128283H1,100-033,2000000,4000000,BID,100-037,2000000,4000000,OFFER
2023-12-24 20:11:26.983,9128283H1,100-034,1000000,2000000,BID,100-040,1000000,2000000,OFFER
2023-12-24 20:11:26.983,9128283H1,100-036,2000000,4000000,BID,100-040,2000000,4000000,OFFER
2023-12-24 20:11:26.983,9128283H1,100-037,1000000,2000000,BID,100-041,1000000,2000000,OFFER
2023-12-24 20:11:26.983,9128283H1,100-040,2000000,4000000,BID,100-042,2000000,4000000,OFFER
2023-12-24 20:11:26.983,9128283H1,100-040,1000000,2000000,BID,100-044,1000000,2000000,OFFER
2023-12-24 20:11:26.983,9128283H1,100-041,2000000,4000000,BID,100-045,2000000,4000000,OFFER
2023-12-24 20:11:26.983,9128283H1,100-042,1000000,2000000,BID,100-046,1000000,2000000,OFFER
2023-12-24 20:11:26.983,9128283H1,100-043,2000000,4000000,BID,100-047,2000000,4000000,OFFER
2023-12-24 20:11:26.983,9128283H1,100-045,1000000,2000000,BID,100-047,1000000,2000000,OFFER
2023-12-24 20:11:26.983,9128283H1,100-046,2000000,4000000,BID,100-050,2000000,4000000,OFFER
2023-12-24 20:11:26.983,9128283H1,100-047,1000000,2000000,BID,100-051,1000000,2000000,OFFER
2023-12-24 20:11:26.983,9128283H1,100-047,2000000,4000000,BID,100-053,2000000,4000000,OFFER
2023-12-24 20:11:26.983,9128283H1,100-050,1000000,2000000,BID,100-054,1000000,2000000,OFFER
2023-12-24 20:11:26.983,9128283H1,100-051,2000000,4000000,BID,100-055,2000000,4000000,OFFER
2023-12-24 20:11:26.983,9128283H1,100-053,1000000,2000000,BID,100-055,1000000,2000000,OFFER
2023-12-24 20:11:26.983,9128283H1,100-053,2000000,4000000,BID,100-057,2000000,4000000,OFFER
2023-12-24 20:11:26.983,9128283H1,100-054,1000000,2000000,BID,100-060,1000000,2000000,OFFER
2023-12-24 20:11:26.984,9128283H1,100-056,2000000,4000000,BID,100-060,2000000,4000000,OFFER
2023-12-24 20:11:26.984,9128283H1,100-056,1000000,2000000,BID,100-062,1000000,2000000,OFFER
2023-12-24 20:11:26.984,9128283H1,100-060,2000000,4000000,BID,100-062,2000000,4000000,OFFER
2023-12-24 20:11:26.984,9128283H1,100-061,1000000,2000000,BID,100-063,1000000,2000000,OFFER
2023-12-24 20:11:26.984,9128283H1,100-061,2000000,4000000,BID,100-065,2000000,4000000,OFFER
2023-12-24 20:11:26.984,9128283H1,100-062,1000000,2000000,BID,100-066,1000000,2000000,OFFER
2023-12-24 20:11:26.984,9128283H1,100-064,2000000,4000000,BID,100-066,2000000,4000000,OFFER
2023-12-24 20:11:26.984,9128283H1,100-064,1000000,2000000,BID,100-070,1000000,2000000,OFFER
2023-12-24 20:11:26.984,9128283H1,100-065,2000000,4000000,BID,100-071,2000000,4000000,OFFER
2023-12-24 20:11:26.984,9128283H1,100-067,1000000,2000000,BID,100-071,1000000,2000000,OFFER
2023-12-24 20:11:26.984,9128283H1,100-070,2000000,4000000,BID,100-072,2000000,4000000,OFFER
2023-12-24 20:11:26.984,9128283H1,100-070,1000000,2000000,BID,100-074,1000000,2000000,OFFER
2023-12-24 20:11:26.984,9128283H1,100-071,2000000,4000000,BID,100-075,2000000,4000000,OFFER
2023-12-24 20:11:26.985,9128283H1,100-073,1000000,2000000,BID,100-075,1000000,2000000,OFFER
2023-12-24 20:11:26.985,9128283H1,100-073,2000000,4000000,BID,100-077,2000000,4000000,OFFER
2023-12-24 20:11:26.985,9128283H1,100-075,1000000,2000000,BID,100-077,1000000,2000000,OFFER
2023-12-24 20:11:26.985,9128283H1,100-075,2000000,4000000,BID,100-081,2000000,4000000,OFFER
2023-12-24 20:11:26.985,9128283H1,100-077,1000000,2000000,BID,100-081,1000000,2000000,OFFER
2023-12-24 20:11:26.985,9128283H1,100-080,2000000,4000000,BID,100-082,2000000,4000000,OFFER
2023-12-24 20:11:26.985,9128283H1,100-081,1000000,2000000,BID,100-083,1000000,2000000,OFFER
2023-12-24 20:11:26.985,9128283H1,100-082,2000000,4000000,BID,100-084,2000000,4000000,OFFER
2023-12-24 20:11:26.985,9128283H1,100-083,1000000,2000000,BID,100-085,1000000,2000000,OFFER
2023-12-24 20:11:26.985,9128283H1,100-083,2000000,4000000,BID,100-087,2000000,4000000,OFFER
2023-12-24 20:11:26.985,9128283H1,100-085,1000000,2000000,BID,100-087,1000000,2000000,OFFER
2023-12-24 20:11:26.985,9128283H1,100-086,2000000,4000000,BID,100-090,2000000,4000000,OFFER
2023-12-24 20:11:26.985,9128283H1,100-087,1000000,2000000,BID,100-091,1000000,2000000,OFFER
2023-12-24 20:11:26.985,9128283H1,100-090,2000000,4000000,BID,100-092,2000000,4000000,OFFER
2023-12-24 20:11:26.985,9128283H1,100-091,1000000,2000000,BID,100-093,1000000,2000000,OFFER
2023-12-24 20:11:26.985,9128283H1,100-091,2000000,4000000,BID,100-095,2000000,4000000,OFFER
2023-12-24 20:11:26.985,9128283H1,100-093,1000000,2000000,BID,100-095,1000000,2000000,OFFER
2023-12-24 20:11:26.985,9128283H1,100-094,2000000,4000000,BID,100-096,2000000,4000000,OFFER
2023-12-24 20:11:26.985,9128283H1,100-094,1000000,2000000,BID,100-100,1000000,2000000,OFFER
2023-12-24 20:11:26.985,9128283H1,100-096,2000000,4000000,BID,100-100,2000000,4000000,OFFER
2023-12-24 20:11:26.985,9128283H1,100-097,1000000,2000000,BID,100-101,1000000,2000000,OFFER
2023-12-24 20:11:26.985,9128283H1,100-097,2000000,4000000,BID,100-103,2000000,4000000,OFFER
2023-12-24 20:11:26.986,9128283H1,100-100,1000000,2000000,BID,100-104,1000000,2000000,OFFER
2023-12-24 20:11:26.986,9128283H1,100-101,2000000,4000000,BID,100-105,2000000,4000000,OFFER
2023-12-24 20:11:26.986,9128283H1,100-102,1000000,2000000,BID,100-106,1000000,2000000,OFFER
2023-12-24 20:11:26.986,9128283H1,100-104,2000000,4000000,BID,100-106,2000000,4000000,OFFER
2023-12-24 20:11:26.986,9128283H1,100-104,1000000,2000000,BID,100-110,1000000,2000000,OFFER
2023-12-24 20:11:26.986,9128283H1,100-105,2000000,4000000,BID,100-111,2000000,4000000,OFFER
2023-12-24 20:11:26.986,9128283H1,100-106,1000000,2000000,BID,100-112,1000000,2000000,OFFER
2023-12-24 20:11:26.986,9128283H1,100-110,2000000,4000000,BID,100-112,2000000,4000000,OFFER
2023-12-24 20:11:26.986,9128283H1,100-110,1000000,2000000,BID,100-114,1000000,2000000,OFFER
2023-12-24 20:11:26.986,9128283H1,100-111,2000000,4000000,BID,100-115,2000000,4000000,OFFER
2023-12-24 20:11:26.986,9128283H1,100-113,1000000,2000000,BID,100-115,1000000,2000000,OFFER
2023-12-24 20:11:26.986,9128283H1,100-113,2000000,4000000,BID,100-117,2000000,4000000,OFFER
2023-12-24 20:11:26.986,9128283H1,100-114,1000000,2000000,BID,100-120,1000000,2000000,OFFER
2023-12-24 20:11:26.986,9128283H1,100-116,2000000,4000000,BID,100-120,2000000,4000000,OFFER
2023-12-24 20:11:26.986,9128283H1,100-117,1000000,2000000,BID,100-121,1000000,2000000,OFFER
2023-12-24 20:11:26.986,9128283H1,100-120,2000000,4000000,BID,100-122,2000000,4000000,OFFER
2023-12-24 20:11:26.986,9128283H1,100-121,1000000,2000000,BID,100-123,1000000,2000000,OFFER
2023-12-24 20:11:26.986,9128283H1,100-122,2000000,4000000,BID,100-124,2000000,4000000,OFFER
2023-12-24 20:11:26.986,9128283H1,100-122,1000000,2000000,BID,100-126,1000000,2000000,OFFER
2023-12-24 20:11:26.986,9128283H1,100-124,2000000,4000000,BID,100-126,2000000,4000000,OFFER
2023-12-24 20:11:26.986,9128283H1,100-124,1000000,2000000,BID,100-130,1000000,2000000,OFFER
2023-12-24 20:11:26.986,9128283H1,100-126,2000000,4000000,BID,100-130,2000000,4000000,OFFER
2023-12-24 20:11:26.986,9128283H1,100-126,1000000,2000000,BID,100-132,1000000,2000000,OFFER
2023-12-24 20:11:26.986,9128283H1,100-130,2000000,4000000,BID,100-132,2000000,4000000,OFFER
2023-12-24 20:11:26.986,9128283H1,100-130,1000000,2000000,BID,100-134,1000000,2000000,OFFER
2023-12-24 20:11:26.987,9128283H1,100-131,2000000,4000000,BID,100-135,2000000,4000000,OFFER
2023-12-24 20:11:26.987,9128283H1,100-132,1000000,2000000,BID,100-136,1000000,2000000,OFFER
2023-12-24 20:11:26.987,9128283H1,100-134,2000000,4000000,BID,100-136,2000000,4000000,OFFER
2023-12-24 20:11:26.987,9128283H1,100-134,1000000,2000000,BID,100-140,1000000,2000000,OFFER
2023-12-24 20:11:26.987,9128283H1,100-136,2000000,4000000,BID,100-140,2000000,4000000,OFFER
2023-12-24 20:11:26.987,9128283H1,100-136,1000000,2000000,BID,100-142,1000000,2000000,OFFER
2023-12-24 20:11:26.987,9128283H1,100-140,2000000,4000000,BID,100-142,2000000,4000000,OFFER
2023-12-24 20:11:26.987,9128283H1,100-141,1000000,2000000,BID,100-143,1000000,2000000,OFFER
2023-12-24 20:11:26.987,9128283H1,100-141,2000000,4000000,BID,100-145,2000000,4000000,OFFER
2023-12-24 20:11:26.987,9128283H1,100-143,1000000,2000000,BID,100-145,1000000,2000000,OFFER
2023-12-24 20:11:26.987,9128283H1,100-144,2000000,4000000,BID,100-146,2000000,4000000,OFFER
2023-12-24 20:11:26.987,9128283H1,100-145,1000000,2000000,BID,100-147,1000000,2000000,OFFER
2023-12-24 20:11:26.987,9128283H1,100-145,2000000,4000000,BID,100-151,2000000,4000000,OFFER
2023-12-24 20:11:26.987,9128283H1,100-146,1000000,2000000,BID,100-152,1000000,2000000,OFFER
2023-12-24 20:11:26.987,9128283H1,100-150,2000000,4000000,BID,100-152,2000000,4000000,OFFER
2023-12-24 20:11:26.987,9128283H1,100-151,1000000,2000000,BID,100-153,1000000,2000000,OFFER
2023-12-24 20:11:26.987,9128283H1,100-151,2000000,4000000,BID,100-155,2000000,4000000,OFFER
2023-12-24 20:11:26.987,9128283H1,100-152,1000000,2000000,BID,100-156,1000000,2000000,OFFER
2023-12-24 20:11:26.987,9128283H1,100-154,2000000,4000000,BID,100-156,2000000,4000000,OFFER
2023-12-24 20:11:26.987,9128283H1,100-155,1000000,2000000,BID,100-157,1000000,2000000,OFFER
2023-12-24 20:11:26.987,9128283H1,100-156,2000000,4000000,BID,100-160,2000000,4000000,OFFER
2023-12-24 20:11:26.987,9128283H1,100-157,1000000,2000000,BID,100-161,1000000,2000000,OFFER
2023-12-24 20:11:26.987,9128283H1,100-160,2000000,4000000,BID,100-162,2000000,4000000,OFFER
2023-12-24 20:11:26.987,9128283H1,100-160,1000000,2000000,BID,100-164,1000000,2000000,OFFER
2023-12-24 20:11:26.987,9128283H1,100-162,2000000,4000000,BID,100-164,2000000,4000000,OFFER
2023-12-24 20:11:26.987,9128283H1,100-163,1000000,2000000,BID,100-165,1000000,2000000,OFFER
2023-12-24 20:11:26.987,9128283H1,100-163,2000000,4000000,BID,100-167,2000000,4000000,OFFER
2023-12-24 20:11:26.988,9128283H1,100-165,1000000,2000000,BID,100-167,1000000,2000000,OFFER
2023-12-24 20:11:26.988,9128283H1,100-166,2000000,4000000,BID,100-170,2000000,4000000,OFFER
2023-12-24 20:11:26.988,9128283H1,100-166,1000000,2000000,BID,100-172,1000000,2000000,OFFER
2023-12-24 20:11:26.988,9128283H1,100-170,2000000,4000000,BID,100-172,2000000,4000000,OFFER
2023-12-24 20:11:26.988,9128283H1,100-171,1000000,2000000,BID,100-173,1000000,2000000,OFFER
2023-12-24 20:11:26.988,9128283H1,100-171,2000000,4000000,BID,100-175,2000000,4000000,OFFER
2023-12-24 20:11:26.988,9128283H1,100-173,1000000,2000000,BID,100-175,1000000,2000000,OFFER
2023-12-24 20:11:26.988,9128283H1,100-174,2000000,4000000,BID,100-176,2000000,4000000,OFFER
2023-12-24 20:11:26.988,9128283H1,100-174,1000000,2000000,BID,100-180,1000000,2000000,OFFER
2023-12-24 20:11:26.988,9128283H1,100-175,2000000,4000000,BID,100-181,2000000,4000000,OFFER
2023-12-24 20:11:26.988,9128283H1,100-177,1000000,2000000,BID,100-181,1000000,2000000,OFFER
2023-12-24 20:11:26.988,9128283H1,100-180,2000000,4000000,BID,100-182,2000000,4000000,OFFER
2023-12-24 20:11:26.988,9128283H1,100-181,1000000,2000000,BID,100-183,1000000,2000000,OFFER
2023-12-24 20:11:26.988,9128283H1,100-181,2000000,4000000,BID,100-185,2000000,4000000,OFFER
2023-12-24 20:11:26.988,9128283H1,100-182,1000000,2000000,BID,100-186,1000000,2000000,OFFER
2023-12-24 20:11:26.988,9128283H1,100-183,2000000,4000000,BID,100-187,2000000,4000000,OFFER
2023-12-24 20:11:26.988,9128283H1,100-185,1000000,2000000,BID,100-187,1000000,2000000,OFFER
2023-12-24 20:11:26.988,9128283H1,100-185,2000000,4000000,BID,100-191,2000000,4000000,OFFER
2023-12-24 20:11:26.988,9128283H1,100-186,1000000,2000000,BID,100-192,1000000,2000000,OFFER
2023-12-24 20:11:26.988,9128283H1,100-187,2000000,4000000,BID,100-193,2000000,4000000,OFFER
2023-12-24 20:11:26.988,9128283H1,100-190,1000000,2000000,BID,100-194,1000000,2000000,OFFER
2023-12-24 20:11:26.988,9128283H1,100-192,2000000,4000000,BID,100-194,2000000,4000000,OFFER
2023-12-24 20:11:26.988,9128283H1,100-192,1000000,2000000,BID,100-196,1000000,2000000,OFFER
2023-12-24 20:11:26.988,9128283H1,100-194,2000000,4000000,BID,100-196,2000000,4000000,OFFER
2023-12-24 20:11:26.988,9128283H1,100-195,1000000,2000000,BID,100-197,1000000,2000000,OFFER
2023-12-24 20:11:26.989,9128283H1,100-196,2000000,4000000,BID,100-200,2000000,4000000,OFFER
2023-12-24 20:11:26.989,9128283H1,100-197,1000000,2000000,BID,100-201,1000000,2000000,OFFER
2023-12-24 20:11:26.989,9128283H1,100-200,2000000,4000000,BID,100-202,2000000,4000000,OFFER
2023-12-24 20:11:26.989,9128283H1,100-200,1000000,2000000,BID,100-204,1000000,2000000,OFFER
2023-12-24 20:11:26.989,9128283H1,100-202,2000000,4000000,BID,100-204,2000000,4000000,OFFER
2023-12-24 20:11:26.989,9128283H1,100-202,1000000,2000000,BID,100-206,1000000,2000000,OFFER
2023-12-24 20:11:26.989,9128283H1,100-203,2000000,4000000,BID,100-207,2000000,4000000,OFFER
2023-12-24 20:11:26.989,9128283H1,100-204,1000000,2000000,BID,100-210,1000000,2000000,OFFER
2023-12-24 20:11:26.989,9128283H1,100-205,2000000,4000000,BID,100-211,2000000,4000000,OFFER
2023-12-24 20:11:26.989,9128283H1,100-206,1000000,2000000,BID,100-212,1000000,2000000,OFFER
2023-12-24 20:11:26.989,9128283H1,100-210,2000000,4000000,BID,100-212,2000000,4000000,OFFER
2023-12-24 20:11:26.989,9128283H1,100-210,1000000,2000000,BID,100-214,1000000,2000000,OFFER
2023-12-24 20:11:26.989,9128283H1,100-212,2000000,4000000,BID,100-214,2000000,4000000,OFFER
2023-12-24 20:11:26.990,9128283H1,100-213,1000000,2000000,BID,100-215,1000000,2000000,OFFER
2023-12-24 20:11:26.990,9128283H1,100-214,2000000,4000000,BID,100-216,2000000,4000000,OFFER
2023-12-24 20:11:26.990,9128283H1,100-215,1000000,2000000,BID,100-217,1000000,2000000,OFFER
2023-12-24 20:11:26.990,9128283H1,100-216,2000000,4000000,BID,100-220,2000000,4000000,OFFER
2023-12-24 20:11:26.990,9128283H1,100-216,1000000,2000000,BID,100-222,1000000,2000000,OFFER
2023-12-24 20:11:26.990,9128283H1,100-220,2000000,4000000,BID,100-222,2000000,4000000,OFFER
2023-12-24 20:11:26.990,9128283H1,100-220,1000000,2000000,BID,100-224,1000000,2000000,OFFER
2023-12-24 20:11:26.990,9128283H1,100-222,2000000,4000000,BID,100-224,2000000,4000000,OFFER
2023-12-24 20:11:26.990,9128283H1,100-222,1000000,2000000,BID,100-226,1000000,2000000,OFFER
2023-12-24 20:11:26.990,9128283H1,100-224,2000000,4000000,BID,100-226,2000000,4000000,OFFER
2023-12-24 20:11:26.990,9128283H1,100-225,1000000,2000000,BID,100-227,1000000,2000000,OFFER
2023-12-24 20:11:26.990,9128283H1,100-225,2000000,4000000,BID,100-231,2000000,4000000,OFFER
2023-12-24 20:11:26.990,9128283H1,100-227,1000000,2000000,BID,100-231,1000000,2000000,OFFER
2023-12-24 20:11:26.990,9128283H1,100-227,2000000,4000000,BID,100-233,2000000,4000000,OFFER
2023-12-24 20:11:26.990,9128283H1,100-230,1000000,2000000,BID,100-234,1000000,2000000,OFFER
2023-12-24 20:11:26.990,9128283H1,100-231,2000000,4000000,BID,100-235,2000000,4000000,OFFER
2023-12-24 20:11:26.990,9128283H1,100-233,1000000,2000000,BID,100-235,1000000,2000000,OFFER
2023-12-24 20:11:26.990,9128283H1,100-233,2000000,4000000,BID,100-237,2000000,4000000,OFFER
2023-12-24 20:11:26.990,9128283H1,100-235,1000000,2000000,BID,100-237,1000000,2000000,OFFER
2023-12-24 20:11:26.990,9128283H1,100-235,2000000,4000000,BID,100-241,2000000,4000000,OFFER
2023-12-24 20:11:26.990,9128283H1,100-237,1000000,2000000,BID,100-241,1000000,2000000,OFFER
2023-12-24 20:11:26.991,9128283H1,100-240,2000000,4000000,BID,100-242,2000000,4000000,OFFER
2023-12-24 20:11:26.991,9128283H1,100-241,1000000,2000000,BID,100-243,1000000,2000000,OFFER
2023-12-24 20:11:26.991,9128283H1,100-242,2000000,4000000,BID,100-244,2000000,4000000,OFFER
2023-12-24 20:11:26.991,9128283H1,100-242,1000000,2000000,BID,100-246,1000000,2000000,OFFER
2023-12-24 20:11:26.991,9128283H1,100-244,2000000,4000000,BID,100-246,2000000,4000000,OFFER
2023-12-24 20:11:26.991,9128283H1,100-244,1000000,2000000,BID,100-250,1000000,2000000,OFFER
2023-12-24 20:11:26.991,9128283H1,100-246,2000000,4000000,BID,100-250,2000000,4000000,OFFER
2023-12-24 20:11:26.991,9128283H1,100-247,1000000,2000000,BID,100-251,1000000,2000000,OFFER
2023-12-24 20:11:26.991,9128283H1,100-247,2000000,4000000,BID,100-253,2000000,4000000,OFFER
2023-12-24 20:11:26.991,9128283H1,100-250,1000000,2000000,BID,100-254,1000000,2000000,OFFER
2023-12-24 20:11:26.991,9128283H1,100-251,2000000,4000000,BID,100-255,2000000,4000000,OFFER
2023-12-24 20:11:26.991,9128283H1,100-253,1000000,2000000,BID,100-255,1000000,2000000,OFFER
2023-12-24 20:11:26.991,9128283H1,100-253,2000000,4000000,BID,100-257,2000000,4000000,OFFER
2023-12-24 20:11:26.991,9128283H1,100-255,1000000,2000000,BID,100-257,1000000,2000000,OFFER
2023-12-24 20:11:26.991,9128283H1,100-256,2000000,4000000,BID,100-260,2000000,4000000,OFFER
2023-12-24 20:11:26.991,9128283H1,100-257,1000000,2000000,BID,100-261,1000000,2000000,OFFER
2023-12-24 20:11:26.991,9128283H1,100-260,2000000,4000000,BID,100-262,2000000,4000000,OFFER
2023-12-24 20:11:26.991,9128283H1,100-261,1000000,2000000,BID,100-263,1000000,2000000,OFFER
2023-12-24 20:11:26.991,9128283H1,100-262,2000000,4000000,BID,100-264,2000000,4000000,OFFER
2023-12-24 20:11:26.991,9128283H1,100-262,1000000,2000000,BID,100-266,1000000,2000000,OFFER
2023-12-24 20:11:26.991,9128283H1,100-264,2000000,4000000,BID,100-266,2000000,4000000,OFFER
2023-12-24 20:11:26.991,9128283H1,100-264,1000000,2000000,BID,100-270,1000000,2000000,OFFER
2023-12-24 20:11:26.992,9128283H1,100-265,2000000,4000000,BID,100-271,2000000,4000000,OFFER
2023-12-24 20:11:26.992,9128283H1,100-266,1000000,2000000,BID,100-272,1000000,2000000,OFFER
2023-12-24 20:11:26.992,9128283H1,100-270,2000000,4000000,BID,100-272,2000000,4000000,OFFER
2023-12-24 20:11:26.992,9128283H1,100-271,1000000,2000000,BID,100-273,1000000,2000000,OFFER
2023-12-24 20:11:26.992,9128283H1,100-271,2000000,4000000,BID,100-275,2000000,4000000,OFFER
2023-12-24 20:11:26.992,9128283H1,100-273,1000000,2000000,BID,100-275,1000000,2000000,OFFER
2023-12-24 20:11:26.992,9128283H1,100-274,2000000,4000000,BID,100-276,2000000,4000000,OFFER
2023-12-24 20:11:26.992,9128283H1,100-274,1000000,2000000,BID,100-280,1000000,2000000,OFFER
2023-12-24 20:11:26.992,9128283H1,100-275,2000000,4000000,BID,100-281,2000000,4000000,OFFER
2023-12-24 20:11:26.992,9128283H1,100-276,1000000,2000000,BID,100-282,1000000,2000000,OFFER
2023-12-24 20:11:26.992,9128283H1,100-280,2000000,4000000,BID,100-282,2000000,4000000,OFFER
2023-12-24 20:11:26.992,9128283H1,100-281,1000000,2000000,BID,100-283,1000000,2000000,OFFER
2023-12-24 20:11:26.992,9128283H1,100-282,2000000,4000000,BID,100-284,2000000,4000000,OFFER
2023-12-24 20:11:26.992,9128283H1,100-283,1000000,2000000,BID,100-285,1000000,2000000,OFFER
2023-12-24 20:11:26.992,9128283H1,100-284,2000000,4000000,BID,100-286,2000000,4000000,OFFER
2023-12-24 20:11:26.992,9128283H1,100-284,1000000,2000000,BID,100-290,1000000,2000000,OFFER
2023-12-24 20:11:26.992,9128283H1,100-286,2000000,4000000,BID,100-290,2000000,4000000,OFFER
2023-12-24 20:11:26.992,9128283H1,100-286,1000000,2000000,BID,100-292,1000000,2000000,OFFER
2023-12-24 20:11:26.992,9128283H1,100-287,2000000,4000000,BID,100-293,2000000,4000000,OFFER
2023-12-24 20:11:26.992,9128283H1,100-290,1000000,2000000,BID,100-294,1000000,2000000,OFFER
2023-12-24 20:11:26.992,9128283H1,100-292,2000000,4000000,BID,100-294,2000000,4000000,OFFER
2023-12-24 20:11:26.992,9128283H1,100-293,1000000,2000000,BID,100-295,1000000,2000000,OFFER
2023-12-24 20:11:26.992,9128283H1,100-294,2000000,4000000,BID,100-296,2000000,4000000,OFFER
2023-12-24 20:11:26.992,9128283H1,100-294,1000000,2000000,BID,100-300,1000000,2000000,OFFER
2023-12-24 20:11:26.993,9128283H1,100-296,2000000,4000000,BID,100-300,2000000,4000000,OFFER
2023-12-24 20:11:26.993,9128283H1,100-296,1000000,2000000,BID,100-302,1000000,2000000,OFFER
2023-12-24 20:11:26.993,9128283H1,100-297,2000000,4000000,BID,100-303,2000000,4000000,OFFER
2023-12-24 20:11:26.993,9128283H1,100-300,1000000,2000000,BID,100-304,1000000,2000000,OFFER
2023-12-24 20:11:26.993,9128283H1,100-301,2000000,4000000,BID,100-305,2000000,4000000,OFFER
2023-12-24 20:11:26.993,9128283H1,100-303,1000000,2000000,BID,100-305,1000000,2000000,OFFER
2023-12-24 20:11:26.993,9128283H1,100-304,2000000,4000000,BID,100-306,2000000,4000000,OFFER
2023-12-24 20:11:26.993,9128283H1,100-304,1000000,2000000,BID,100-310,1000000,2000000,OFFER
2023-12-24 20:11:26.993,9128283H1,100-306,2000000,4000000,BID,100-310,2000000,4000000,OFFER
2023-12-24 20:11:26.993,9128283H1,100-306,1000000,2000000,BID,100-312,1000000,2000000,OFFER
2023-12-24 20:11:26.993,9128283H1,100-307,2000000,4000000,BID,100-313,2000000,4000000,OFFER
2023-12-24 20:11:26.993,9128283H1,100-311,1000000,2000000,BID,100-313,1000000,2000000,OFFER
2023-12-24 20:11:26.993,9128283H1,100-311,2000000,4000000,BID,100-315,2000000,4000000,OFFER
2023-12-24 20:11:26.993,9128283H1,100-312,1000000,2000000,BID,100-316,1000000,2000000,OFFER
2023-12-24 20:11:26.993,9128283H1,100-313,2000000,4000000,BID,100-317,2000000,4000000,OFFER
2023-12-24 20:11:26.993,9128283H1,100-314,1000000,2000000,BID,101-000,1000000,2000000,OFFER
2023-12-24 20:11:26.993,9128283H1,100-315,2000000,4000000,BID,101-001,2000000,4000000,OFFER
2023-12-24 20:11:26.993,9128283H1,100-316,1000000,2000000,BID,101-002,1000000,2000000,OFFER
2023-12-24 20:11:26.993,9128283H1,100-316,2000000,4000000,BID,101-000,2000000,4000000,OFFER
2023-12-24 20:11:26.993,9128283H1,100-315,1000000,2000000,BID,100-317,1000000,2000000,OFFER
2023-12-24 20:11:26.993,9128283H1,100-313,2000000,4000000,BID,100-317,2000000,4000000,OFFER
2023-12-24 20:11:26.993,9128283H1,100-313,1000000,2000000,BID,100-315,1000000,2000000,OFFER
2023-12-24 20:11:26.994,9128283H1,100-311,2000000,4000000,BID,100-315,2000000,4000000,OFFER
2023-12-24 20:11:26.994,9128283H1,100-310,1000000,2000000,BID,100-314,1000000,2000000,OFFER
2023-12-24 20:11:26.994,9128283H1,100-310,2000000,4000000,BID,100-312,2000000,4000000,OFFER
2023-12-24 20:11:26.994,9128283H1,100-306,1000000,2000000,BID,100-312,1000000,2000000,OFFER
2023-12-24 20:11:26.994,9128283H1,100-306,2000000,4000000,BID,100-310,2000000,4000000,OFFER
2023-12-24 20:11:26.994,9128283H1,100-304,1000000,2000000,BID,100-310,1000000,2000000,OFFER
2023-12-24 20:11:26.994,9128283H1,100-304,2000000,4000000,BID,100-306,2000000,4000000,OFFER
2023-12-24 20:11:26.994,9128283H1,100-303,1000000,2000000,BID,100-305,1000000,2000000,OFFER
2023-12-24 20:11:26.994,9128283H1,100-301,2000000,4000000,BID,100-305,2000000,4000000,OFFER
2023-12-24 20:11:26.994,9128283H1,100-301,1000000,2000000,BID,100-303,1000000,2000000,OFFER
2023-12-24 20:11:26.995,9128283H1,100-300,2000000,4000000,BID,100-302,2000000,4000000,OFFER
2023-12-24 20:11:26.995,9128283H1,100-297,1000000,2000000,BID,100-301,1000000,2000000,OFFER
2023-12-24 20:11:26.995,9128283H1,100-295,2000000,4000000,BID,100-301,2000000,4000000,OFFER
2023-12-24 20:11:26.995,9128283H1,100-294,1000000,2000000,BID,100-300,1000000,2000000,OFFER
2023-12-24 20:11:26.995,9128283H1,100-293,2000000,4000000,BID,100-297,2000000,4000000,OFFER
2023-12-24 20:11:26.995,9128283H1,100-293,1000000,2000000,BID,100-295,1000000,2000000,OFFER
2023-12-24 20:11:26.995,9128283H1,100-292,2000000,4000000,BID,100-294,2000000,4000000,OFFER
2023-12-24 20:11:26.995,9128283H1,100-291,1000000,2000000,BID,100-293,1000000,2000000,OFFER
2023-12-24 20:11:26.995,9128283H1,100-290,2000000,4000000,BID,100-292,2000000,4000000,OFFER
2023-12-24 20:11:26.995,9128283H1,100-287,1000000,2000000,BID,100-291,1000000,2000000,OFFER
2023-12-24 20:11:26.995,9128283H1,100-285,2000000,4000000,BID,100-291,2000000,4000000,OFFER
2023-12-24 20:11:26.995,9128283H1,100-284,1000000,2000000,BID,100-290,1000000,2000000,OFFER
2023-12-24 20:11:26.995,9128283H1,100-283,2000000,4000000,BID,100-287,2000000,4000000,OFFER
2023-12-24 20:11:26.995,9128283H1,100-283,1000000,2000000,BID,100-285,1000000,2000000,OFFER
2023-12-24 20:11:26.995,9128283H1,100-282,2000000,4000000,BID,100-284,2000000,4000000,OFFER
2023-12-24 20:11:26.995,9128283H1,100-280,1000000,2000000,BID,100-284,1000000,2000000,OFFER
2023-12-24 20:11:26.995,9128283H1,100-280,2000000,4000000,BID,100-282,2000000,4000000,OFFER
2023-12-24 20:11:26.996,9128283H1,100-277,1000000,2000000,BID,100-281,1000000,2000000,OFFER
2023-12-24 20:11:26.996,9128283H1,100-276,2000000,4000000,BID,100-280,2000000,4000000,OFFER
2023-12-24 20:11:26.996,9128283H1,100-275,1000000,2000000,BID,100-277,1000000,2000000,OFFER
2023-12-24 20:11:26.996,9128283H1,100-274,2000000,4000000,BID,100-276,2000000,4000000,OFFER
2023-12-24 20:11:26.996,9128283H1,100-273,1000000,2000000,BID,100-275,1000000,2000000,OFFER
2023-12-24 20:11:26.996,9128283H1,100-271,2000000,4000000,BID,100-275,2000000,4000000,OFFER
2023-12-24 20:11:26.996,9128283H1,100-271,1000000,2000000,BID,100-273,1000000,2000000,OFFER
2023-12-24 20:11:26.996,9128283H1,100-270,2000000,4000000,BID,100-272,2000000,4000000,OFFER
2023-12-24 20:11:26.996,9128283H1,100-267,1000000,2000000,BID,100-271,1000000,2000000,OFFER
2023-12-24 20:11:26.996,9128283H1,100-266,2000000,4000000,BID,100-270,2000000,4000000,OFFER
2023-12-24 20:11:26.996,9128283H1,100-264,1000000,2000000,BID,100-270,1000000,2000000,OFFER
2023-12-24 20:11:26.996,9128283H1,100-264,2000000,4000000,BID,100-266,2000000,4000000,OFFER
2023-12-24 20:11:26.996,9128283H1,100-263,1000000,2000000,BID,100-265,1000000,2000000,OFFER
2023-12-24 20:11:26.996,9128283H1,100-261,2000000,4000000,BID,100-265,2000000,4000000,OFFER
2023-12-24 20:11:26.996,9128283H1,100-260,1000000,2000000,BID,100-264,1000000,2000000,OFFER
2023-12-24 20:11:26.996,9128283H1,100-257,2000000,4000000,BID,100-263,2000000,4000000,OFFER
2023-12-24 20:11:26.996,9128283H1,100-256,1000000,2000000,BID,100-262,1000000,2000000,OFFER
2023-12-24 20:11:26.996,9128283H1,100-255,2000000,4000000,BID,100-261,2000000,4000000,OFFER
2023-12-24 20:11:26.996,9128283H1,100-254,1000000,2000000,BID,100-260,1000000,2000000,OFFER
2023-12-24 20:11:26.996,9128283H1,100-253,2000000,4000000,BID,100-257,2000000,4000000,OFFER
2023-12-24 20:11:26.996,9128283H1,100-252,1000000,2000000,BID,100-256,1000000,2000000,OFFER
2023-12-24 20:11:26.996,9128283H1,100-251,2000000,4000000,BID,100-255,2000000,4000000,OFFER
2023-12-24 20:11:26.996,9128283H1,100-251,1000000,2000000,BID,100-253,1000000,2000000,OFFER
2023-12-24 20:11:26.996,9128283H1,100-250,2000000,4000000,BID,100-252,2000000,4000000,OFFER
2023-12-24 20:11:26.997,9128283H1,100-246,1000000,2000000,BID,100-252,1000000,2000000,OFFER
2023-12-24 20:11:26.997,9128283H1,100-245,2000000,4000000,BID,100-251,2000000,4000000,OFFER
2023-12-24 20:11:26.997,9128283H1,100-245,1000000,2000000,BID,100-247,1000000,2000000,OFFER
2023-12-24 20:11:26.997,9128283H1,100-243,2000000,4000000,BID,100-247,2000000,4000000,OFFER
2023-12-24 20:11:26.997,9128283H1,100-242,1000000,2000000,BID,100-246,1000000,2000000,OFFER
2023-12-24 20:11:26.997,9128283H1,100-242,2000000,4000000,BID,100-244,2000000,4000000,OFFER
2023-12-24 20:11:26.997,9128283H1,100-240,1000000,2000000,BID,100-244,1000000,2000000,OFFER
2023-12-24 20:11:26.997,9128283H1,100-240,2000000,4000000,BID,100-242,2000000,4000000,OFFER
2023-12-24 20:11:26.997,9128283H1,100-237,1000000,2000000,BID,100-241,1000000,2000000,OFFER
2023-12-24 20:11:26.997,9128283H1,100-235,2000000,4000000,BID,100-241,2000000,4000000,OFFER
2023-12-24 20:11:26.997,9128283H1,100-234,1000000,2000000,BID,100-240,1000000,2000000,OFFER
2023-12-24 20:11:26.997,9128283H1,100-233,2000000,4000000,BID,100-237,2000000,4000000,OFFER
2023-12-24 20:11:26.997,9128283H1,100-233,1000000,2000000,BID,100-235,1000000,2000000,OFFER
2023-12-24 20:11:26.997,9128283H1,100-231,2000000,4000000,BID,100-235,2000000,4000000,OFFER
2023-12-24 20:11:26.997,9128283H1,100-231,1000000,2000000,BID,100-233,1000000,2000000,OFFER
2023-12-24 20:11:26.997,9128283H1,100-227,2000000,4000000,BID,100-233,2000000,4000000,OFFER
2023-12-24 20:11:26.997,9128283H1,100-227,1000000,2000000,BID,100-231,1000000,2000000,OFFER
2023-12-24 20:11:26.997,9128283H1,100-226,2000000,4000000,BID,100-230,2000000,4000000,OFFER
2023-12-24 20:11:26.997,9128283H1,100-224,1000000,2000000,BID,100-230,1000000,2000000,OFFER
2023-12-24 20:11:26.997,9128283H1,100-224,2000000,4000000,BID,100-226,2000000,4000000,OFFER
2023-12-24 20:11:26.997,9128283H1,100-223,1000000,2000000,BID,100-225,1000000,2000000,OFFER
2023-12-24 20:11:26.997,9128283H1,100-221,2000000,4000000,BID,100-225,2000000,4000000,OFFER
2023-12-24 20:11:26.997,9128283H1,100-221,1000000,2000000,BID,100-223,1000000,2000000,OFFER
2023-12-24 20:11:26.997,9128283H1,100-220,2000000,4000000,BID,100-222,2000000,4000000,OFFER
2023-12-24 20:11:26.997,9128283H1,100-216,1000000,2000000,BID,100-222,1000000,2000000,OFFER
2023-12-24 20:11:26.998,9128283H1,100-216,2000000,4000000,BID,100-220,2000000,4000000,OFFER
2023-12-24 20:11:26.998,9128283H1,100-214,1000000,2000000,BID,100-220,1000000,2000000,OFFER
2023-12-24 20:11:26.998,9128283H1,100-214,2000000,4000000,BID,100-216,2000000,4000000,OFFER
2023-12-24 20:11:26.998,9128283H1,100-212,1000000,2000000,BID,100-216,1000000,2000000,OFFER
2023-12-24 20:11:26.998,9128283H1,100-211,2000000,4000000,BID,100-215,2000000,4000000,OFFER
2023-12-24 20:11:26.998,9128283H1,100-211,1000000,2000000,BID,100-213,1000000,2000000,OFFER
2023-12-24 20:11:26.998,9128283H1,100-210,2000000,4000000,BID,100-212,2000000,4000000,OFFER
2023-12-24 20:11:26.998,9128283H1,100-206,1000000,2000000,BID,100-212,1000000,2000000,OFFER
2023-12-24 20:11:26.998,9128283H1,100-206,2000000,4000000,BID,100-210,2000000,4000000,OFFER
2023-12-24 20:11:26.998,9128283H1,100-205,1000000,2000000,BID,100-207,1000000,2000000,OFFER
2023-12-24 20:11:26.998,9128283H1,100-204,2000000,4000000,BID,100-206,2000000,4000000,OFFER
2023-12-24 20:11:26.998,9128283H1,100-202,1000000,2000000,BID,100-206,1000000,2000000,OFFER
2023-12-24 20:11:26.998,9128283H1,100-202,2000000,4000000,BID,100-204,2000000,4000000,OFFER
2023-12-24 20:11:26.998,9128283H1,100-201,1000000,2000000,BID,100-203,1000000,2000000,OFFER
2023-12-24 20:11:26.998,9128283H1,100-197,2000000,4000000,BID,100-203,2000000,4000000,OFFER
2023-12-24 20:11:26.998,9128283H1,100-197,1000000,2000000,BID,100-201,1000000,2000000,OFFER
2023-12-24 20:11:26.998,9128283H1,100-195,2000000,4000000,BID,100-201,2000000,4000000,OFFER
2023-12-24 20:11:26.998,9128283H1,100-194,1000000,2000000,BID,100-200,1000000,2000000,OFFER
2023-12-24 20:11:26.998,9128283H1,100-193,2000000,4000000,BID,100-197,2000000,4000000,OFFER
2023-12-24 20:11:26.998,9128283H1,100-193,1000000,2000000,BID,100-195,1000000,2000000,OFFER
2023-12-24 20:11:26.998,9128283H1,100-191,2000000,4000000,BID,100-195,2000000,4000000,OFFER
2023-12-24 20:11:26.998,9128283H1,100-190,1000000,2000000,BID,100-194,1000000,2000000,OFFER
2023-12-24 20:11:26.998,9128283H1,100-190,2000000,4000000,BID,100-192,2000000,4000000,OFFER
2023-12-24 20:11:26.998,9128283H1,100-187,1000000,2000000,BID,100-191,1000000,2000000,OFFER
2023-12-24 20:11:26.999,9128283H1,100-185,2000000,4000000,BID,100-191,2000000,4000000,OFFER
2023-12-24 20:11:26.999,9128283H1,100-184,1000000,2000000,BID,100-190,1000000,2000000,OFFER
2023-12-24 20:11:26.999,9128283H1,100-183,2000000,4000000,BID,100-187,2000000,4000000,OFFER
2023-12-24 20:11:26.999,9128283H1,100-183,1000000,2000000,BID,100-185,1000000,2000000,OFFER
2023-12-24 20:11:26.999,9128283H1,100-181,2000000,4000000,BID,100-185,2000000,4000000,OFFER
2023-12-24 20:11:26.999,9128283H1,100-181,1000000,2000000,BID,100-183,1000000,2000000,OFFER
2023-12-24 20:11:27.136,9128283H1,100-177,2000000,4000000,BID,100-183,2000000,4000000,OFFER
2023-12-24 20:11:27.136,9128283H1,100-177,1000000,2000000,BID,100-181,1000000,2000000,OFFER
2023-12-24 20:11:27.136,9128283H1,100-176,2000000,4000000,BID,100-180,2000000,4000000,OFFER
2023-12-24 20:11:27.137,9128283H1,100-175,1000000,2000000,BID,100-177,1000000,2000000,OFFER
2023-12-24 20:11:27.137,9128283H1,100-174,2000000,4000000,BID,100-176,2000000,4000000,OFFER
2023-12-24 20:11:27.137,9128283H1,100-172,1000000,2000000,BID,100-176,1000000,2000000,OFFER
2023-12-24 20:11:27.137,9128283H1,100-171,2000000,4000000,BID,100-175,2000000,4000000,OFFER
2023-12-24 20:11:27.137,9128283H1,100-170,1000000,2000000,BID,100-174,1000000,2000000,OFFER
2023-12-24 20:11:27.137,9128283H1,100-167,2000000,4000000,BID,100-173,2000000,4000000,OFFER
2023-12-24 20:11:27.137,9128283H1,100-166,1000000,2000000,BID,100-172,1000000,2000000,OFFER
2023-12-24 20:11:27.137,9128283H1,100-165,2000000,4000000,BID,100-171,2000000,4000000,OFFER
2023-12-24 20:11:27.138,9128283H1,100-164,1000000,2000000,BID,100-170,1000000,2000000,OFFER
2023-12-24 20:11:27.138,9128283H1,100-163,2000000,4000000,BID,100-167,2000000,4000000,OFFER
2023-12-24 20:11:27.138,9128283H1,100-163,1000000,2000000,BID,100-165,1000000,2000000,OFFER
2023-12-24 20:11:27.138,9128283H1,100-161,2000000,4000000,BID,100-165,2000000,4000000,OFFER
2023-12-24 20:11:27.138,9128283H1,100-161,1000000,2000000,BID,100-163,1000000,2000000,OFFER
2023-12-24 20:11:27.138,9128283H1,100-157,2000000,4000000,BID,100-163,2000000,4000000,OFFER
2023-12-24 20:11:27.138,9128283H1,100-156,1000000,2000000,BID,100-162,1000000,2000000,OFFER
2023-12-24 20:11:27.138,9128283H1,100-156,2000000,4000000,BID,100-160,2000000,4000000,OFFER
2023-12-24 20:11:27.138,9128283H1,100-154,1000000,2000000,BID,100-160,1000000,2000000,OFFER
2023-12-24 20:11:27.138,9128283H1,100-153,2000000,4000000,BID,100-157,2000000,4000000,OFFER
2023-12-24 20:11:27.138,9128283H1,100-152,1000000,2000000,BID,100-156,1000000,2000000,OFFER
2023-12-24 20:11:27.138,9128283H1,100-151,2000000,4000000,BID,100-155,2000000,4000000,OFFER
2023-12-24 20:11:27.139,9128283H1,100-151,1000000,2000000,BID,100-153,1000000,2000000,OFFER
2023-12-24 20:11:27.139,9128283H1,100-147,2000000,4000000,BID,100-153,2000000,4000000,OFFER
2023-12-24 20:11:27.139,9128283H1,100-147,1000000,2000000,BID,100-151,1000000,2000000,OFFER
2023-12-24 20:11:27.139,9128283H1,100-146,2000000,4000000,BID,100-150,2000000,4000000,OFFER
2023-12-24 20:11:27.139,9128283H1,100-145,1000000,2000000,BID,100-147,1000000,2000000,OFFER
2023-12-24 20:11:27.139,9128283H1,100-143,2000000,4000000,BID,100-147,2000000,4000000,OFFER
2023-12-24 20:11:27.139,9128283H1,100-143,1000000,2000000,BID,100-145,1000000,2000000,OFFER
2023-12-24 20:11:27.139,9128283H1,100-142,2000000,4000000,BID,100-144,2000000,4000000,OFFER
2023-12-24 20:11:27.139,9128283H1,100-140,1000000,2000000,BID,100-144,1000000,2000000,OFFER
2023-12-24 20:11:27.139,9128283H1,100-140,2000000,4000000,BID,100-142,2000000,4000000,OFFER
2023-12-24 20:11:27.139,9128283H1,100-137,1000000,2000000,BID,100-141,1000000,2000000,OFFER
2023-12-24 20:11:27.139,9128283H1,100-135,2000000,4000000,BID,100-141,2000000,4000000,OFFER
2023-12-24 20:11:27.139,9128283H1,100-134,1000000,2000000,BID,100-140,1000000,2000000,OFFER
2023-12-24 20:11:27.139,9128283H1,100-133,2000000,4000000,BID,100-137,2000000,4000000,OFFER
2023-12-24 20:11:27.139,9128283H1,100-133,1000000,2000000,BID,100-135,1000000,2000000,OFFER
2023-12-24 20:11:27.139,9128283H1,100-132,2000000,4000000,BID,100-134,2000000,4000000,OFFER
2023-12-24 20:11:27.139,9128283H1,100-130,1000000,2000000,BID,100-134,1000000,2000000,OFFER
2023-12-24 20:11:27.139,9128283H1,100-127,2000000,4000000,BID,100-133,2000000,4000000,OFFER
2023-12-24 20:11:27.139,9128283H1,100-127,1000000,2000000,BID,100-131,1000000,2000000,OFFER
2023-12-24 20:11:27.139,9128283H1,100-126,2000000,4000000,BID,100-130,2000000,4000000,OFFER
2023-12-24 20:11:27.140,9128283H1,100-125,1000000,2000000,BID,100-127,1000000,2000000,OFFER
2023-12-24 20:11:27.140,9128283H1,100-124,2000000,4000000,BID,100-126,2000000,4000000,OFFER
2023-12-24 20:11:27.140,9128283H1,100-123,1000000,2000000,BID,100-125,1000000,2000000,OFFER
2023-12-24 20:11:27.140,9128283H1,100-121,2000000,4000000,BID,100-125,2000000,4000000,OFFER
2023-12-24 20:11:27.140,9128283H1,100-121,1000000,2000000,BID,100-123,1000000,2000000,OFFER
2023-12-24 20:11:27.140,9128283H1,100-120,2000000,4000000,BID,100-122,2000000,4000000,OFFER
2023-12-24 20:11:27.140,9128283H1,100-117,1000000,2000000,BID,100-121,1000000,2000000,OFFER
2023-12-24 20:11:27.140,9128283H1,100-116,2000000,4000000,BID,100-120,2000000,4000000,OFFER
2023-12-24 20:11:27.140,9128283H1,100-114,1000000,2000000,BID,100-120,1000000,2000000,OFFER
2023-12-24 20:11:27.140,9128283H1,100-113,2000000,4000000,BID,100-117,2000000,4000000,OFFER
2023-12-24 20:11:27.140,9128283H1,100-112,1000000,2000000,BID,100-116,1000000,2000000,OFFER
2023-12-24 20:11:27.140,9128283H1,100-112,2000000,4000000,BID,100-114,2000000,4000000,OFFER
2023-12-24 20:11:27.140,9128283H1,100-110,1000000,2000000,BID,100-114,1000000,2000000,OFFER
2023-12-24 20:11:27.141,9128283H1,100-110,2000000,4000000,BID,100-112,2000000,4000000,OFFER
2023-12-24 20:11:27.141,9128283H1,100-106,1000000,2000000,BID,100-112,1000000,2000000,OFFER
2023-12-24 20:11:27.142,9128283H1,100-105,2000000,4000000,BID,100-111,2000000,4000000,OFFER
2023-12-24 20:11:27.142,9128283H1,100-105,1000000,2000000,BID,100-107,1000000,2000000,OFFER
2023-12-24 20:11:27.142,9128283H1,100-103,2000000,4000000,BID,100-107,2000000,4000000,OFFER
2023-12-24 20:11:27.142,9128283H1,100-102,1000000,2000000,BID,100-106,1000000,2000000,OFFER
2023-12-24 20:11:27.142,9128283H1,100-101,2000000,4000000,BID,100-105,2000000,4000000,OFFER
2023-12-24 20:11:27.142,9128283H1,100-100,1000000,2000000,BID,100-104,1000000,2000000,OFFER
2023-12-24 20:11:27.142,9128283H1,100-097,2000000,4000000,BID,100-103,2000000,4000000,OFFER
2023-12-24 20:11:27.143,9128283H1,100-097,1000000,2000000,BID,100-101,1000000,2000000,OFFER
2023-12-24 20:11:27.143,9128283H1,100-095,2000000,4000000,BID,100-101,2000000,4000000,OFFER
2023-12-24 20:11:27.143,9128283H1,100-095,1000000,2000000,BID,100-097,1000000,2000000,OFFER
2023-12-24 20:11:27.143,9128283H1,100-093,2000000,4000000,BID,100-097,2000000,4000000,OFFER
2023-12-24 20:11:27.143,9128283H1,100-092,1000000,2000000,BID,100-096,1000000,2000000,OFFER
2023-12-24 20:11:27.143,9128283H1,100-091,2000000,4000000,BID,100-095,2000000,4000000,OFFER
2023-12-24 20:11:27.143,9128283H1,100-090,1000000,2000000,BID,100-094,1000000,2000000,OFFER
2023-12-24 20:11:27.143,9128283H1,100-090,2000000,4000000,BID,100-092,2000000,4000000,OFFER
2023-12-24 20:11:27.144,9128283H1,100-087,1000000,2000000,BID,100-091,1000000,2000000,OFFER
2023-12-24 20:11:27.144,9128283H1,100-086,2000000,4000000,BID,100-090,2000000,4000000,OFFER
2023-12-24 20:11:27.144,9128283H1,100-085,1000000,2000000,BID,100-087,1000000,2000000,OFFER
2023-12-24 20:11:27.144,9128283H1,100-084,2000000,4000000,BID,100-086,2000000,4000000,OFFER
2023-12-24 20:11:27.144,9128283H1,100-083,1000000,2000000,BID,100-085,1000000,2000000,OFFER
2023-12-24 20:11:27.144,9128283H1,100-082,2000000,4000000,BID,100-084,2000000,4000000,OFFER
2023-12-24 20:11:27.145,9128283H1,100-081,1000000,2000000,BID,100-083,1000000,2000000,OFFER
2023-12-24 20:11:27.145,9128283H1,100-077,2000000,4000000,BID,100-083,2000000,4000000,OFFER
2023-12-24 20:11:27.145,9128283H1,100-076,1000000,2000000,BID,100-082,1000000,2000000,OFFER
2023-12-24 20:11:27.145,9128283H1,100-075,2000000,4000000,BID,100-081,2000000,4000000,OFFER
2023-12-24 20:11:27.145,9128283H1,100-075,1000000,2000000,BID,100-077,1000000,2000000,OFFER
2023-12-24 20:11:27.145,9128283H1,100-073,2000000,4000000,BID,100-077,2000000,4000000,OFFER
2023-12-24 20:11:27.145,9128283H1,100-073,1000000,2000000,BID,100-075,1000000,2000000,OFFER
2023-12-24 20:11:27.145,9128283H1,100-072,2000000,4000000,BID,100-074,2000000,4000000,OFFER
2023-12-24 20:11:27.145,9128283H1,100-070,1000000,2000000,BID,100-074,1000000,2000000,OFFER
2023-12-24 20:11:27.145,9128283H1,100-067,2000000,4000000,BID,100-073,2000000,4000000,OFFER
2023-12-24 20:11:27.145,9128283H1,100-066,1000000,2000000,BID,100-072,1000000,2000000,OFFER
2023-12-24 20:11:27.145,9128283H1,100-065,2000000,4000000,BID,100-071,2000000,4000000,OFFER
2023-12-24 20:11:27.145,9128283H1,100-065,1000000,2000000,BID,100-067,1000000,2000000,OFFER
2023-12-24 20:11:27.145,9128283H1,100-064,2000000,4000000,BID,100-066,2000000,4000000,OFFER
2023-12-24 20:11:27.145,9128283H1,100-062,1000000,2000000,BID,100-066,1000000,2000000,OFFER
2023-12-24 20:11:27.146,9128283H1,100-061,2000000,4000000,BID,100-065,2000000,4000000,OFFER
2023-12-24 20:11:27.146,9128283H1,100-061,1000000,2000000,BID,100-063,1000000,2000000,OFFER
2023-12-24 20:11:27.146,9128283H1,100-057,2000000,4000000,BID,100-063,2000000,4000000,OFFER
2023-12-24 20:11:27.146,9128283H1,100-056,1000000,2000000,BID,100-062,1000000,2000000,OFFER
2023-12-24 20:11:27.146,9128283H1,100-056,2000000,4000000,BID,100-060,2000000,4000000,OFFER
2023-12-24 20:11:27.146,9128283H1,100-054,1000000,2000000,BID,100-060,1000000,2000000,OFFER
2023-12-24 20:11:27.146,9128283H1,100-053,2000000,4000000,BID,100-057,2000000,4000000,OFFER
2023-12-24 20:11:27.146,9128283H1,100-052,1000000,2000000,BID,100-056,1000000,2000000,OFFER
2023-12-24 20:11:27.146,9128283H1,100-051,2000000,4000000,BID,100-055,2000000,4000000,OFFER
2023-12-24 20:11:27.146,9128283H1,100-050,1000000,2000000,BID,100-054,1000000,2000000,OFFER
2023-12-24 20:11:27.146,9128283H1,100-047,2000000,4000000,BID,100-053,2000000,4000000,OFFER
2023-12-24 20:11:27.146,9128283H1,100-046,1000000,2000000,BID,100-052,1000000,2000000,OFFER
2023-12-24 20:11:27.147,9128283H1,100-045,2000000,4000000,BID,100-051,2000000,4000000,OFFER
2023-12-24 20:11:27.147,9128283H1,100-045,1000000,2000000,BID,100-047,1000000,2000000,OFFER
2023-12-24 20:11:27.147,9128283H1,100-043,2000000,4000000,BID,100-047,2000000,4000000,OFFER
2023-12-24 20:11:27.147,9128283H1,100-043,1000000,2000000,BID,100-045,1000000,2000000,OFFER
2023-12-24 20:11:27.147,9128283H1,100-042,2000000,4000000,BID,100-044,2000000,4000000,OFFER
2023-12-24 20:11:27.147,9128283H1,100-041,1000000,2000000,BID,100-043,1000000,2000000,OFFER
2023-12-24 20:11:27.147,9128283H1,100-040,2000000,4000000,BID,100-042,2000000,4000000,OFFER
2023-12-24 20:11:27.147,9128283H1,100-036,1000000,2000000,BID,100-042,1000000,2000000,OFFER
2023-12-24 20:11:27.147,9128283H1,100-035,2000000,4000000,BID,100-041,2000000,4000000,OFFER
2023-12-24 20:11:27.147,9128283H1,100-034,1000000,2000000,BID,100-040,1000000,2000000,OFFER
2023-12-24 20:11:27.147,9128283H1,100-033,2000000,4000000,BID,100-037,2000000,4000000,OFFER
2023-12-24 20:11:27.147,9128283H1,100-032,1000000,2000000,BID,100-036,1000000,2000000,OFFER
2023-12-24 20:11:27.147,9128283H1,100-031,2000000,4000000,BID,100-035,2000000,4000000,OFFER
2023-12-24 20:11:27.147,9128283H1,100-030,1000000,2000000,BID,100-034,1000000,2000000,OFFER
2023-12-24 20:11:27.147,9128283H1,100-030,2000000,4000000,BID,100-032,2000000,4000000,OFFER
2023-12-24 20:11:27.147,9128283H1,100-026,1000000,2000000,BID,100-032,1000000,2000000,OFFER
2023-12-24 20:11:27.147,9128283H1,100-025,2000000,4000000,BID,100-031,2000000,4000000,OFFER
2023-12-24 20:11:27.147,9128283H1,100-025,1000000,2000000,BID,100-027,1000000,2000000,OFFER
2023-12-24 20:11:27.147,9128283H1,100-023,2000000,4000000,BID,100-027,2000000,4000000,OFFER
2023-12-24 20:11:27.147,9128283H1,100-022,1000000,2000000,BID,100-026,1000000,2000000,OFFER
2023-12-24 20:11:27.147,9128283H1,100-021,2000000,4000000,BID,100-025,2000000,4000000,OFFER
2023-12-24 20:11:27.147,9128283H1,100-020,1000000,2000000,BID,100-024,1000000,2000000,OFFER
2023-12-24 20:11:27.147,9128283H1,100-017,2000000,4000000,BID,100-023,2000000,4000000,OFFER
2023-12-24 20:11:27.147,9128283H1,100-016,1000000,2000000,BID,100-022,1000000,2000000,OFFER
2023-12-24 20:11:27.147,9128283H1,100-016,2000000,4000000,BID,100-020,2000000,4000000,OFFER
2023-12-24 20:11:27.147,9128283H1,100-014,1000000,2000000,BID,100-020,1000000,2000000,OFFER
2023-12-24 20:11:27.148,9128283H1,100-014,2000000,4000000,BID,100-016,2000000,4000000,OFFER
2023-12-24 20:11:27.148,9128283H1,100-013,1000000,2000000,BID,100-015,1000000,2000000,OFFER
2023-12-24 20:11:27.148,9128283H1,100-012,2000000,4000000,BID,100-014,2000000,4000000,OFFER
2023-12-24 20:11:27.148,9128283H1,100-011,1000000,2000000,BID,100-013,1000000,2000000,OFFER
2023-12-24 20:11:27.148,9128283H1,100-007,2000000,4000000,BID,100-013,2000000,4000000,OFFER
2023-12-24 20:11:27.148,9128283H1,100-006,1000000,2000000,BID,100-012,1000000,2000000,OFFER
2023-12-24 20:11:27.148,9128283H1,100-006,2000000,4000000,BID,100-010,2000000,4000000,OFFER
2023-12-24 20:11:27.148,9128283H1,100-005,1000000,2000000,BID,100-007,1000000,2000000,OFFER
2023-12-24 20:11:27.148,9128283H1,100-003,2000000,4000000,BID,100-007,2000000,4000000,OFFER
2023-12-24 20:11:27.148,9128283H1,100-002,1000000,2000000,BID,100-006,1000000,2000000,OFFER
2023-12-24 20:11:27.148,9128283H1,100-002,2000000,4000000,BID,100-004,2000000,4000000,OFFER
2023-12-24 20:11:27.148,9128283H1,100-001,1000000,2000000,BID,100-003,1000000,2000000,OFFER
2023-12-24 20:11:27.148,9128283H1,100-000,2000000,4000000,BID,100-002,2000000,4000000,OFFER
2023-12-24 20:11:27.149,9128283H1,99-317,1000000,2000000,BID,100-001,1000000,2000000,OFFER
2023-12-24 20:11:27.149,9128283H1,99-315,2000000,4000000,BID,100-001,2000000,4000000,OFFER
2023-12-24 20:11:27.149,9128283H1,99-314,1000000,2000000,BID,100-000,1000000,2000000,OFFER
2023-12-24 20:11:27.149,9128283H1,99-314,2000000,4000000,BID,99-316,2000000,4000000,OFFER
2023-12-24 20:11:27.149,9128283H1,99-312,1000000,2000000,BID,99-316,1000000,2000000,OFFER
2023-12-24 20:11:27.149,9128283H1,99-312,2000000,4000000,BID,99-314,2000000,4000000,OFFER
2023-12-24 20:11:27.149,9128283H1,99-311,1000000,2000000,BID,99-313,1000000,2000000,OFFER
2023-12-24 20:11:27.149,9128283H1,99-310,2000000,4000000,BID,99-312,2000000,4000000,OFFER
2023-12-24 20:11:27.149,9128283H1,99-307,1000000,2000000,BID,99-311,1000000,2000000,OFFER
2023-12-24 20:11:27.149,9128283H1,99-305,2000000,4000000,BID,99-311,2000000,4000000,OFFER
2023-12-24 20:11:27.149,9128283H1,99-304,1000000,2000000,BID,99-310,1000000,2000000,OFFER
2023-12-24 20:11:27.149,9128283H1,99-303,2000000,4000000,BID,99-307,2000000,4000000,OFFER
2023-12-24 20:11:27.149,9128283H1,99-303,1000000,2000000,BID,99-305,1000000,2000000,OFFER
2023-12-24 20:11:27.149,9128283H1,99-301,2000000,4000000,BID,99-305,2000000,4000000,OFFER
2023-12-24 20:11:27.149,9128283H1,99-300,1000000,2000000,BID,99-304,1000000,2000000,OFFER
2023-12-24 20:11:27.149,9128283H1,99-300,2000000,4000000,BID,99-302,2000000,4000000,OFFER
2023-12-24 20:11:27.149,9128283H1,99-297,1000000,2000000,BID,99-301,1000000,2000000,OFFER
2023-12-24 20:11:27.149,9128283H1,99-295,2000000,4000000,BID,99-301,2000000,4000000,OFFER
2023-12-24 20:11:27.149,9128283H1,99-294,1000000,2000000,BID,99-300,1000000,2000000,OFFER
2023-12-24 20:11:27.149,9128283H1,99-293,2000000,4000000,BID,99-297,2000000,4000000,OFFER
2023-12-24 20:11:27.149,9128283H1,99-292,1000000,2000000,BID,99-296,1000000,2000000,OFFER
2023-12-24 20:11:27.149,9128283H1,99-291,2000000,4000000,BID,99-295,2000000,4000000,OFFER
2023-12-24 20:11:27.149,9128283H1,99-290,1000000,2000000,BID,99-294,1000000,2000000,OFFER
2023-12-24 20:11:27.149,9128283H1,99-287,2000000,4000000,BID,99-293,2000000,4000000,OFFER
2023-12-24 20:11:27.149,9128283H1,99-287,1000000,2000000,BID,99-291,1000000,2000000,OFFER
2023-12-24 20:11:27.149,9128283H1,99-286,2000000,4000000,BID,99-290,2000000,4000000,OFFER
2023-12-24 20:11:27.150,9128283H1,99-285,1000000,2000000,BID,99-287,1000000,2000000,OFFER
2023-12-24 20:11:27.150,9128283H1,99-283,2000000,4000000,BID,99-287,2000000,4000000,OFFER
2023-12-24 20:11:27.150,9128283H1,99-282,1000000,2000000,BID,99-286,1000000,2000000,OFFER
2023-12-24 20:11:27.150,9128283H1,99-282,2000000,4000000,BID,99-284,2000000,4000000,OFFER
2023-12-24 20:11:27.150,9128283H1,99-280,1000000,2000000,BID,99-284,1000000,2000000,OFFER
2023-12-24 20:11:27.150,9128283H1,99-277,2000000,4000000,BID,99-283,2000000,4000000,OFFER
2023-12-24 20:11:27.150,9128283H1,99-276,1000000,2000000,BID,99-282,1000000,2000000,OFFER
2023-12-24 20:11:27.150,9128283H1,99-276,2000000,4000000,BID,99-280,2000000,4000000,OFFER
2023-12-24 20:11:27.150,9128283H1,99-274,1000000,2000000,BID,99-280,1000000,2000000,OFFER
2023-12-24 20:11:27.150,9128283H1,99-273,2000000,4000000,BID,99-277,2000000,4000000,OFFER
2023-12-24 20:11:27.150,9128283H1,99-273,1000000,2000000,BID,99-275,1000000,2000000,OFFER
2023-12-24 20:11:27.150,9128283H1,99-271,2000000,4000000,BID,99-275,2000000,4000000,OFFER
2023-12-24 20:11:27.150,9128283H1,99-270,1000000,2000000,BID,99-274,1000000,2000000,OFFER
2023-12-24 20:11:27.150,9128283H1,99-267,2000000,4000000,BID,99-273,2000000,4000000,OFFER
2023-12-24 20:11:27.150,9128283H1,99-266,1000000,2000000,BID,99-272,1000000,2000000,OFFER
2023-12-24 20:11:27.150,9128283H1,99-266,2000000,4000000,BID,99-270,2000000,4000000,OFFER
2023-12-24 20:11:27.150,9128283H1,99-264,1000000,2000000,BID,99-270,1000000,2000000,OFFER
2023-12-24 20:11:27.150,9128283H1,99-263,2000000,4000000,BID,99-267,2000000,4000000,OFFER
2023-12-24 20:11:27.150,9128283H1,99-262,1000000,2000000,BID,99-266,1000000,2000000,OFFER
2023-12-24 20:11:27.150,9128283H1,99-261,2000000,4000000,BID,99-265,2000000,4000000,OFFER
2023-12-24 20:11:27.151,9128283H1,99-260,1000000,2000000,BID,99-264,1000000,2000000,OFFER
2023-12-24 20:11:27.151,9128283H1,99-257,2000000,4000000,BID,99-263,2000000,4000000,OFFER
2023-12-24 20:11:27.152,9128283H1,99-256,1000000,2000000,BID,99-262,1000000,2000000,OFFER
2023-12-24 20:11:27.152,9128283H1,99-255,2000000,4000000,BID,99-261,2000000,4000000,OFFER
2023-12-24 20:11:27.152,9128283H1,99-254,1000000,2000000,BID,99-260,1000000,2000000,OFFER
2023-12-24 20:11:27.152,9128283H1,99-254,2000000,4000000,BID,99-256,2000000,4000000,OFFER
2023-12-24 20:11:27.152,9128283H1,99-253,1000000,2000000,BID,99-255,1000000,2000000,OFFER
2023-12-24 20:11:27.152,9128283H1,99-252,2000000,4000000,BID,99-254,2000000,4000000,OFFER
2023-12-24 20:11:27.152,9128283H1,99-251,1000000,2000000,BID,99-253,1000000,2000000,OFFER
2023-12-24 20:11:27.152,9128283H1,99-247,2000000,4000000,BID,99-253,2000000,4000000,OFFER
2023-12-24 20:11:27.152,9128283H1,99-246,1000000,2000000,BID,99-252,1000000,2000000,OFFER
2023-12-24 20:11:27.152,9128283H1,99-245,2000000,4000000,BID,99-251,2000000,4000000,OFFER
2023-12-24 20:11:27.152,9128283H1,99-245,1000000,2000000,BID,99-247,1000000,2000000,OFFER
2023-12-24 20:11:27.152,9128283H1,99-243,2000000,4000000,BID,99-247,2000000,4000000,OFFER
2023-12-24 20:11:27.152,9128283H1,99-242,1000000,2000000,BID,99-246,1000000,2000000,OFFER
2023-12-24 20:11:27.152,9128283H1,99-241,2000000,4000000,BID,99-245,2000000,4000000,OFFER
2023-12-24 20:11:27.152,9128283H1,99-241,1000000,2000000,BID,99-243,1000000,2000000,OFFER
2023-12-24 20:11:27.152,9128283H1,99-237,2000000,4000000,BID,99-243,2000000,4000000,OFFER
2023-12-24 20:11:27.153,9128283H1,99-237,1000000,2000000,BID,99-241,1000000,2000000,OFFER
2023-12-24 20:11:27.153,9128283H1,99-236,2000000,4000000,BID,99-240,2000000,4000000,OFFER
2023-12-24 20:11:27.153,9128283H1,99-235,1000000,2000000,BID,99-237,1000000,2000000,OFFER
2023-12-24 20:11:27.153,9128283H1,99-233,2000000,4000000,BID,99-237,2000000,4000000,OFFER
2023-12-24 20:11:27.153,9128283H1,99-232,1000000,2000000,BID,99-236,1000000,2000000,OFFER
2023-12-24 20:11:27.153,9128283H1,99-231,2000000,4000000,BID,99-235,2000000,4000000,OFFER
2023-12-24 20:11:27.153,9128283H1,99-230,1000000,2000000,BID,99-234,1000000,2000000,OFFER
2023-12-24 20:11:27.153,9128283H1,99-230,2000000,4000000,BID,99-232,2000000,4000000,OFFER
2023-12-24 20:11:27.153,9128283H1,99-226,1000000,2000000,BID,99-232,1000000,2000000,OFFER
2023-12-24 20:11:27.153,9128283H1,99-225,2000000,4000000,BID,99-231,2000000,4000000,OFFER
2023-12-24 20:11:27.153,9128283H1,99-224,1000000,2000000,BID,99-230,1000000,2000000,OFFER
2023-12-24 20:11:27.153,9128283H1,99-224,2000000,4000000,BID,99-226,2000000,4000000,OFFER
2023-12-24 20:11:27.153,9128283H1,99-223,1000000,2000000,BID,99-225,1000000,2000000,OFFER
2023-12-24 20:11:27.153,9128283H1,99-222,2000000,4000000,BID,99-224,2000000,4000000,OFFER
2023-12-24 20:11:27.153,9128283H1,99-220,1000000,2000000,BID,99-224,1000000,2000000,OFFER
2023-12-24 20:11:27.153,9128283H1,99-220,2000000,4000000,BID,99-222,2000000,4000000,OFFER
2023-12-24 20:11:27.153,9128283H1,99-216,1000000,2000000,BID,99-222,1000000,2000000,OFFER
2023-12-24 20:11:27.153,9128283H1,99-216,2000000,4000000,BID,99-220,2000000,4000000,OFFER
2023-12-24 20:11:27.154,9128283H1,99-214,1000000,2000000,BID,99-220,1000000,2000000,OFFER
2023-12-24 20:11:27.154,9128283H1,99-213,2000000,4000000,BID,99-217,2000000,4000000,OFFER
2023-12-24 20:11:27.154,9128283H1,99-213,1000000,2000000,BID,99-215,1000000,2000000,OFFER
2023-12-24 20:11:27.154,9128283H1,99-211,2000000,4000000,BID,99-215,2000000,4000000,OFFER
2023-12-24 20:11:27.154,9128283H1,99-210,1000000,2000000,BID,99-214,1000000,2000000,OFFER
2023-12-24 20:11:27.154,9128283H1,99-207,2000000,4000000,BID,99-213,2000000,4000000,OFFER
2023-12-24 20:11:27.154,9128283H1,99-207,1000000,2000000,BID,99-211,1000000,2000000,OFFER
2023-12-24 20:11:27.154,9128283H1,99-205,2000000,4000000,BID,99-211,2000000,4000000,OFFER
2023-12-24 20:11:27.154,9128283H1,99-205,1000000,2000000,BID,99-207,1000000,2000000,OFFER
2023-12-24 20:11:27.154,9128283H1,99-203,2000000,4000000,BID,99-207,2000000,4000000,OFFER
2023-12-24 20:11:27.154,9128283H1,99-202,1000000,2000000,BID,99-206,1000000,2000000,OFFER
2023-12-24 20:11:27.154,9128283H1,99-201,2000000,4000000,BID,99-205,2000000,4000000,OFFER
2023-12-24 20:11:27.154,9128283H1,99-200,1000000,2000000,BID,99-204,1000000,2000000,OFFER
2023-12-24 20:11:27.154,9128283H1,99-200,2000000,4000000,BID,99-202,2000000,4000000,OFFER
2023-12-24 20:11:27.154,9128283H1,99-197,1000000,2000000,BID,99-201,1000000,2000000,OFFER
2023-12-24 20:11:27.154,9128283H1,99-195,2000000,4000000,BID,99-201,2000000,4000000,OFFER
2023-12-24 20:11:27.154,9128283H1,99-195,1000000,2000000,BID,99-197,1000000,2000000,OFFER
2023-12-24 20:11:27.154,9128283H1,99-194,2000000,4000000,BID,99-196,2000000,4000000,OFFER
2023-12-24 20:11:27.154,9128283H1,99-193,1000000,2000000,BID,99-195,1000000,2000000,OFFER
2023-12-24 20:11:27.155,9128283H1,99-191,2000000,4000000,BID,99-195,2000000,4000000,OFFER
2023-12-24 20:11:27.155,9128283H1,99-190,1000000,2000000,BID,99-194,1000000,2000000,OFFER
2023-12-24 20:11:27.155,9128283H1,99-190,2000000,4000000,BID,99-192,2000000,4000000,OFFER
2023-12-24 20:11:27.155,9128283H1,99-187,1000000,2000000,BID,99-191,1000000,2000000,OFFER
2023-12-24 20:11:27.155,9128283H1,99-185,2000000,4000000,BID,99-191,2000000,4000000,OFFER
2023-12-24 20:11:27.155,9128283H1,99-185,1000000,2000000,BID,99-187,1000000,2000000,OFFER
2023-12-24 20:11:27.155,9128283H1,99-184,2000000,4000000,BID,99-186,2000000,4000000,OFFER
2023-12-24 20:11:27.155,9128283H1,99-183,1000000,2000000,BID,99-185,1000000,2000000,OFFER
2023-12-24 20:11:27.155,9128283H1,99-181,2000000,4000000,BID,99-185,2000000,4000000,OFFER
2023-12-24 20:11:27.155,9128283H1,99-181,1000000,2000000,BID,99-183,1000000,2000000,OFFER
2023-12-24 20:11:27.155,9128283H1,99-180,2000000,4000000,BID,99-182,2000000,4000000,OFFER
2023-12-24 20:11:27.155,9128283H1,99-177,1000000,2000000,BID,99-181,1000000,2000000,OFFER
2023-12-24 20:11:27.155,9128283H1,99-175,2000000,4000000,BID,99-181,2000000,4000000,OFFER
2023-12-24 20:11:27.155,9128283H1,99-175,1000000,2000000,BID,99-177,1000000,2000000,OFFER
2023-12-24 20:11:27.155,9128283H1,99-173,2000000,4000000,BID,99-177,2000000,4000000,OFFER
2023-12-24 20:11:27.155,9128283H1,99-173,1000000,2000000,BID,99-175,1000000,2000000,OFFER
2023-12-24 20:11:27.155,9128283H1,99-171,2000000,4000000,BID,99-175,2000000,4000000,OFFER
2023-12-24 20:11:27.155,9128283H1,99-170,1000000,2000000,BID,99-174,1000000,2000000,OFFER
2023-12-24 20:11:27.155,9128283H1,99-170,2000000,4000000,BID,99-172,2000000,4000000,OFFER
2023-12-24 20:11:27.155,9128283H1,99-166,1000000,2000000,BID,99-172,1000000,2000000,OFFER
2023-12-24 20:11:27.156,9128283H1,99-166,2000000,4000000,BID,99-170,2000000,4000000,OFFER
2023-12-24 20:11:27.156,9128283H1,99-165,1000000,2000000,BID,99-167,1000000,2000000,OFFER
2023-12-24 20:11:27.156,9128283H1,99-163,2000000,4000000,BID,99-167,2000000,4000000,OFFER
2023-12-24 20:11:27.156,9128283H1,99-162,1000000,2000000,BID,99-166,1000000,2000000,OFFER
2023-12-24 20:11:27.156,9128283H1,99-161,2000000,4000000,BID,99-165,2000000,4000000,OFFER
2023-12-24 20:11:27.156,9128283H1,99-160,1000000,2000000,BID,99-164,1000000,2000000,OFFER
2023-12-24 20:11:27.156,9128283H1,99-157,2000000,4000000,BID,99-163,2000000,4000000,OFFER
2023-12-24 20:11:27.156,9128283H1,99-156,1000000,2000000,BID,99-162,1000000,2000000,OFFER
2023-12-24 20:11:27.156,9128283H1,99-156,2000000,4000000,BID,99-160,2000000,4000000,OFFER
2023-12-24 20:11:27.156,9128283H1,99-154,1000000,2000000,BID,99-160,1000000,2000000,OFFER
2023-12-24 20:11:27.157,9128283H1,99-154,2000000,4000000,BID,99-156,2000000,4000000,OFFER
2023-12-24 20:11:27.157,9128283H1,99-152,1000000,2000000,BID,99-156,1000000,2000000,OFFER
2023-12-24 20:11:27.157,9128283H1,99-152,2000000,4000000,BID,99-154,2000000,4000000,OFFER
2023-12-24 20:11:27.157,9128283H1,99-150,1000000,2000000,BID,99-154,1000000,2000000,OFFER
2023-12-24 20:11:27.157,9128283H1,99-147,2000000,4000000,BID,99-153,2000000,4000000,OFFER
2023-12-24 20:11:27.157,9128283H1,99-146,1000000,2000000,BID,99-152,1000000,2000000,OFFER
2023-12-24 20:11:27.157,9128283H1,99-146,2000000,4000000,BID,99-150,2000000,4000000,OFFER
2023-12-24 20:11:27.157,9128283H1,99-145,1000000,2000000,BID,99-147,1000000,2000000,OFFER
2023-12-24 20:11:27.157,9128283H1,99-144,2000000,4000000,BID,99-146,2000000,4000000,OFFER
2023-12-24 20:11:27.157,9128283H1,99-142,1000000,2000000,BID,99-146,1000000,2000000,OFFER
2023-12-24 20:11:27.157,9128283H1,99-141,2000000,4000000,BID,99-145,2000000,4000000,OFFER
2023-12-24 20:11:27.157,9128283H1,99-141,1000000,2000000,BID,99-143,1000000,2000000,OFFER
2023-12-24 20:11:27.157,9128283H1,99-140,2000000,4000000,BID,99-142,2000000,4000000,OFFER
2023-12-24 20:11:27.157,9128283H1,99-136,1000000,2000000,BID,99-142,1000000,2000000,OFFER
2023-12-24 20:11:27.157,9128283H1,99-135,2000000,4000000,BID,99-141,2000000,4000000,OFFER
2023-12-24 20:11:27.157,9128283H1,99-135,1000000,2000000,BID,99-137,1000000,2000000,OFFER
2023-12-24 20:11:27.157,9128283H1,99-133,2000000,4000000,BID,99-137,2000000,4000000,OFFER
2023-12-24 20:11:27.158,9128283H1,99-132,1000000,2000000,BID,99-136,1000000,2000000,OFFER
2023-12-24 20:11:27.158,9128283H1,99-132,2000000,4000000,BID,99-134,2000000,4000000,OFFER
2023-12-24 20:11:27.158,9128283H1,99-131,1000000,2000000,BID,99-133,1000000,2000000,OFFER
2023-12-24 20:11:27.158,9128283H1,99-130,2000000,4000000,BID,99-132,2000000,4000000,OFFER
2023-12-24 20:11:27.158,9128283H1,99-127,1000000,2000000,BID,99-131,1000000,2000000,OFFER
2023-12-24 20:11:27.158,9128283H1,99-126,2000000,4000000,BID,99-130,2000000,4000000,OFFER
2023-12-24 20:11:27.158,9128283H1,99-125,1000000,2000000,BID,99-127,1000000,2000000,OFFER
2023-12-24 20:11:27.158,9128283H1,99-124,2000000,4000000,BID,99-126,2000000,4000000,OFFER
2023-12-24 20:11:27.158,9128283H1,99-122,1000000,2000000,BID,99-126,1000000,2000000,OFFER
2023-12-24 20:11:27.158,9128283H1,99-121,2000000,4000000,BID,99-125,2000000,4000000,OFFER
2023-12-24 20:11:27.158,9128283H1,99-120,1000000,2000000,BID,99-124,1000000,2000000,OFFER
2023-12-24 20:11:27.158,9128283H1,99-120,2000000,4000000,BID,99-122,2000000,4000000,OFFER
2023-12-24 20:11:27.158,9128283H1,99-117,1000000,2000000,BID,99-121,1000000,2000000,OFFER
2023-12-24 20:11:27.158,9128283H1,99-115,2000000,4000000,BID,99-121,2000000,4000000,OFFER
2023-12-24 20:11:27.158,9128283H1,99-114,1000000,2000000,BID,99-120,1000000,2000000,OFFER
2023-12-24 20:11:27.158,9128283H1,99-113,2000000,4000000,BID,99-117,2000000,4000000,OFFER
2023-12-24 20:11:27.158,9128283H1,99-112,1000000,2000000,BID,99-116,1000000,2000000,OFFER
2023-12-24 20:11:27.158,9128283H1,99-111,2000000,4000000,BID,99-115,2000000,4000000,OFFER
2023-12-24 20:11:27.158,9128283H1,99-111,1000000,2000000,BID,99-113,1000000,2000000,OFFER
2023-12-24 20:11:27.158,9128283H1,99-110,2000000,4000000,BID,99-112,2000000,4000000,OFFER
2023-12-24 20:11:27.158,9128283H1,99-107,1000000,2000000,BID,99-111,1000000,2000000,OFFER
2023-12-24 20:11:27.158,9128283H1,99-105,2000000,4000000,BID,99-111,2000000,4000000,OFFER
2023-12-24 20:11:27.158,9128283H1,99-104,1000000,2000000,BID,99-110,1000000,2000000,OFFER
2023-12-24 20:11:27.158,9128283H1,99-103,2000000,4000000,BID,99-107,2000000,4000000,OFFER
2023-12-24 20:11:27.158,9128283H1,99-102,1000000,2000000,BID,99-106,1000000,2000000,OFFER
2023-12-24 20:11:27.158,9128283H1,99-101,2000000,4000000,BID,99-105,2000000,4000000,OFFER
2023-12-24 20:11:27.159,9128283H1,99-100,1000000,2000000,BID,99-104,1000000,2000000,OFFER
2023-12-24 20:11:27.159,9128283H1,99-100,2000000,4000000,BID,99-102,2000000,4000000,OFFER
2023-12-24 20:11:27.159,9128283H1,99-097,1000000,2000000,BID,99-101,1000000,2000000,OFFER
2023-12-24 20:11:27.159,9128283H1,99-096,2000000,4000000,BID,99-100,2000000,4000000,OFFER
2023-12-24 20:11:27.159,9128283H1,99-095,1000000,2000000,BID,99-097,1000000,2000000,OFFER
2023-12-24 20:11:27.159,9128283H1,99-093,2000000,4000000,BID,99-097,2000000,4000000,OFFER
2023-12-24 20:11:27.159,9128283H1,99-093,1000000,2000000,BID,99-095,1000000,2000000,OFFER
2023-12-24 20:11:27.159,9128283H1,99-091,2000000,4000000,BID,99-095,2000000,4000000,OFFER
2023-12-24 20:11:27.159,9128283H1,99-091,1000000,2000000,BID,99-093,1000000,2000000,OFFER
2023-12-24 20:11:27.159,9128283H1,99-090,2000000,4000000,BID,99-092,2000000,4000000,OFFER
2023-12-24 20:11:27.159,9128283H1,99-086,1000000,2000000,BID,99-092,1000000,2000000,OFFER
2023-12-24 20:11:27.159,9128283H1,99-086,2000000,4000000,BID,99-090,2000000,4000000,OFFER
2023-12-24 20:11:27.159,9128283H1,99-085,1000000,2000000,BID,99-087,1000000,2000000,OFFER
2023-12-24 20:11:27.159,9128283H1,99-084,2000000,4000000,BID,99-086,2000000,4000000,OFFER
2023-12-24 20:11:27.159,9128283H1,99-083,1000000,2000000,BID,99-085,1000000,2000000,OFFER
2023-12-24 20:11:27.159,9128283H1,99-082,2000000,4000000,BID,99-084,2000000,4000000,OFFER
2023-12-24 20:11:27.159,9128283H1,99-081,1000000,2000000,BID,99-083,1000000,2000000,OFFER
2023-12-24 20:11:27.159,9128283H1,99-080,2000000,4000000,BID,99-082,2000000,4000000,OFFER
2023-12-24 20:11:27.159,9128283H1,99-077,1000000,2000000,BID,99-081,1000000,2000000,OFFER
2023-12-24 20:11:27.159,9128283H1,99-076,2000000,4000000,BID,99-080,2000000,4000000,OFFER
2023-12-24 20:11:27.159,9128283H1,99-074,1000000,2000000,BID,99-080,1000000,2000000,OFFER
2023-12-24 20:11:27.159,9128283H1,99-073,2000000,4000000,BID,99-077,2000000,4000000,OFFER
2023-12-24 20:11:27.160,9128283H1,99-073,1000000,2000000,BID,99-075,1000000,2000000,OFFER
2023-12-24 20:11:27.160,9128283H1,99-071,2000000,4000000,BID,99-075,2000000,4000000,OFFER
2023-12-24 20:11:27.160,9128283H1,99-070,1000000,2000000,BID,99-074,1000000,2000000,OFFER
2023-12-24 20:11:27.160,9128283H1,99-070,2000000,4000000,BID,99-072,2000000,4000000,OFFER
2023-12-24 20:11:27.160,9128283H1,99-067,1000000,2000000,BID,99-071,1000000,2000000,OFFER
2023-12-24 20:11:27.160,9128283H1,99-065,2000000,4000000,BID,99-071,2000000,4000000,OFFER
2023-12-24 20:11:27.160,9128283H1,99-064,1000000,2000000,BID,99-070,1000000,2000000,OFFER
2023-12-24 20:11:27.160,9128283H1,99-064,2000000,4000000,BID,99-066,2000000,4000000,OFFER
2023-12-24 20:11:27.160,9128283H1,99-063,1000000,2000000,BID,99-065,1000000,2000000,OFFER
2023-12-24 20:11:27.160,9128283H1,99-061,2000000,4000000,BID,99-065,2000000,4000000,OFFER
2023-12-24 20:11:27.160,9128283H1,99-061,1000000,2000000,BID,99-063,1000000,2000000,OFFER
2023-12-24 20:11:27.160,9128283H1,99-060,2000000,4000000,BID,99-062,2000000,4000000,OFFER
2023-12-24 20:11:27.160,9128283H1,99-056,1000000,2000000,BID,99-062,1000000,2000000,OFFER
2023-12-24 20:11:27.160,9128283H1,99-055,2000000,4000000,BID,99-061,2000000,4000000,OFFER
2023-12-24 20:11:27.160,9128283H1,99-054,1000000,2000000,BID,99-060,1000000,2000000,OFFER
2023-12-24 20:11:27.160,9128283H1,99-054,2000000,4000000,BID,99-056,2000000,4000000,OFFER
2023-12-24 20:11:27.160,9128283H1,99-052,1000000,2000000,BID,99-056,1000000,2000000,OFFER
2023-12-24 20:11:27.160,9128283H1,99-052,2000000,4000000,BID,99-054,2000000,4000000,OFFER
2023-12-24 20:11:27.160,9128283H1,99-051,1000000,2000000,BID,99-053,1000000,2000000,OFFER
2023-12-24 20:11:27.160,9128283H1,99-047,2000000,4000000,BID,99-053,2000000,4000000,OFFER
2023-12-24 20:11:27.160,9128283H1,99-047,1000000,2000000,BID,99-051,1000000,2000000,OFFER
2023-12-24 20:11:27.160,9128283H1,99-046,2000000,4000000,BID,99-050,2000000,4000000,OFFER
2023-12-24 20:11:27.160,9128283H1,99-044,1000000,2000000,BID,99-050,1000000,2000000,OFFER
2023-12-24 20:11:27.160,9128283H1,99-043,2000000,4000000,BID,99-047,2000000,4000000,OFFER
2023-12-24 20:11:27.160,9128283H1,99-043,1000000,2000000,BID,99-045,1000000,2000000,OFFER
2023-12-24 20:11:27.160,9128283H1,99-041,2000000,4000000,BID,99-045,2000000,4000000,OFFER
2023-12-24 20:11:27.161,9128283H1,99-041,1000000,2000000,BID,99-043,1000000,2000000,OFFER
2023-12-24 20:11:27.162,9128283H1,99-040,2000000,4000000,BID,99-042,2000000,4000000,OFFER
2023-12-24 20:11:27.162,9128283H1,99-036,1000000,2000000,BID,99-042,1000000,2000000,OFFER
2023-12-24 20:11:27.162,9128283H1,99-035,2000000,4000000,BID,99-041,2000000,4000000,OFFER
2023-12-24 20:11:27.162,9128283H1,99-035,1000000,2000000,BID,99-037,1000000,2000000,OFFER
2023-12-24 20:11:27.162,9128283H1,99-033,2000000,4000000,BID,99-037,2000000,4000000,OFFER
2023-12-24 20:11:27.162,9128283H1,99-033,1000000,2000000,BID,99-035,1000000,2000000,OFFER
2023-12-24 20:11:27.162,9128283H1,99-032,2000000,4000000,BID,99-034,2000000,4000000,OFFER
2023-12-24 20:11:27.162,9128283H1,99-031,1000000,2000000,BID,99-033,1000000,2000000,OFFER
2023-12-24 20:11:27.162,9128283H1,99-030,2000000,4000000,BID,99-032,2000000,4000000,OFFER
2023-12-24 20:11:27.162,9128283L2,98-316,1000000,2000000,BID,99-002,1000000,2000000,OFFER
2023-12-24 20:11:27.162,9128283L2,99-000,2000000,4000000,BID,99-002,2000000,4000000,OFFER
2023-12-24 20:11:27.162,9128283L2,99-001,1000000,2000000,BID,99-003,1000000,2000000,OFFER
2023-12-24 20:11:27.162,9128283L2,99-001,2000000,4000000,BID,99-005,2000000,4000000,OFFER
2023-12-24 20:11:27.162,9128283L2,99-003,1000000,2000000,BID,99-005,1000000,2000000,OFFER
2023-12-24 20:11:27.162,9128283L2,99-004,2000000,4000000,BID,99-006,2000000,4000000,OFFER
2023-12-24 20:11:27.162,9128283L2,99-004,1000000,2000000,BID,99-010,1000000,2000000,OFFER
2023-12-24 20:11:27.162,9128283L2,99-006,2000000,4000000,BID,99-010,2000000,4000000,OFFER
2023-12-24 20:11:27.162,9128283L2,99-007,1000000,2000000,BID,99-011,1000000,2000000,OFFER
2023-12-24 20:11:27.162,9128283L2,99-007,2000000,4000000,BID,99-013,2000000,4000000,OFFER
2023-12-24 20:11:27.162,9128283L2,99-011,1000000,2000000,BID,99-013,1000000,2000000,OFFER
2023-12-24 20:11:27.163,9128283L2,99-012,2000000,4000000,BID,99-014,2000000,4000000,OFFER
2023-12-24 20:11:27.163,9128283L2,99-012,1000000,2000000,BID,99-016,1000000,2000000,OFFER
2023-12-24 20:11:27.163,9128283L2,99-014,2000000,4000000,BID,99-016,2000000,4000000,OFFER
2023-12-24 20:11:27.163,9128283L2,99-014,1000000,2000000,BID,99-020,1000000,2000000,OFFER
2023-12-24 20:11:27.163,9128283L2,99-016,2000000,4000000,BID,99-020,2000000,4000000,OFFER
2023-12-24 20:11:27.163,9128283L2,99-017,1000000,2000000,BID,99-021,1000000,2000000,OFFER
2023-12-24 20:11:27.163,9128283L2,99-017,2000000,4000000,BID,99-023,2000000,4000000,OFFER
2023-12-24 20:11:27.163,9128283L2,99-020,1000000,2000000,BID,99-024,1000000,2000000,OFFER
2023-12-24 20:11:27.163,9128283L2,99-022,2000000,4000000,BID,99-024,2000000,4000000,OFFER
2023-12-24 20:11:27.163,9128283L2,99-022,1000000,2000000,BID,99-026,1000000,2000000,OFFER
2023-12-24 20:11:27.163,9128283L2,99-023,2000000,4000000,BID,99-027,2000000,4000000,OFFER
2023-12-24 20:11:27.163,9128283L2,99-024,1000000,2000000,BID,99-030,1000000,2000000,OFFER
2023-12-24 20:11:27.163,9128283L2,99-026,2000000,4000000,BID,99-030,2000000,4000000,OFFER
2023-12-24 20:11:27.163,9128283L2,99-026,1000000,2000000,BID,99-032,1000000,2000000,OFFER
2023-12-24 20:11:27.163,9128283L2,99-030,2000000,4000000,BID,99-032,2000000,4000000,OFFER
2023-12-24 20:11:27.163,9128283L2,99-030,1000000,2000000,BID,99-034,1000000,2000000,OFFER
2023-12-24 20:11:27.163,9128283L2,99-032,2000000,4000000,BID,99-034,2000000,4000000,OFFER
2023-12-24 20:11:27.163,9128283L2,99-032,1000000,2000000,BID,99-036,1000000,2000000,OFFER
2023-12-24 20:11:27.163,9128283L2,99-034,2000000,4000000,BID,99-036,2000000,4000000,OFFER
2023-12-24 20:11:27.163,9128283L2,99-034,1000000,2000000,BID,99-040,1000000,2000000,OFFER
2023-12-24 20:11:27.164,9128283L2,99-036,2000000,4000000,BID,99-040,2000000,4000000,OFFER
2023-12-24 20:11:27.164,9128283L2,99-037,1000000,2000000,BID,99-041,1000000,2000000,OFFER
2023-12-24 20:11:27.164,9128283L2,99-040,2000000,4000000,BID,99-042,2000000,4000000,OFFER
2023-12-24 20:11:27.164,9128283L2,99-040,1000000,2000000,BID,99-044,1000000,2000000,OFFER
2023-12-24 20:11:27.164,9128283L2,99-042,2000000,4000000,BID,99-044,2000000,4000000,OFFER
2023-12-24 20:11:27.164,9128283L2,99-043,1000000,2000000,BID,99-045,1000000,2000000,OFFER
2023-12-24 20:11:27.164,9128283L2,99-043,2000000,4000000,BID,99-047,2000000,4000000,OFFER
2023-12-24 20:11:27.164,9128283L2,99-045,1000000,2000000,BID,99-047,1000000,2000000,OFFER
2023-12-24 20:11:27.164,9128283L2,99-045,2000000,4000000,BID,99-051,2000000,4000000,OFFER
2023-12-24 20:11:27.164,9128283L2,99-047,1000000,2000000,BID,99-051,1000000,2000000,OFFER
2023-12-24 20:11:27.164,9128283L2,99-047,2000000,4000000,BID,99-053,2000000,4000000,OFFER
2023-12-24 20:11:27.164,9128283L2,99-051,1000000,2000000,BID,99-053,1000000,2000000,OFFER
2023-12-24 20:11:27.164,9128283L2,99-051,2000000,4000000,BID,99-055,2000000,4000000,OFFER
2023-12-24 20:11:27.164,9128283L2,99-052,1000000,2000000,BID,99-056,1000000,2000000,OFFER
2023-12-24 20:11:27.164,9128283L2,99-053,2000000,4000000,BID,99-057,2000000,4000000,OFFER
2023-12-24 20:11:27.164,9128283L2,99-054,1000000,2000000,BID,99-060,1000000,2000000,OFFER
2023-12-24 20:11:27.164,9128283L2,99-056,2000000,4000000,BID,99-060,2000000,4000000,OFFER
2023-12-24 20:11:27.164,9128283L2,99-057,1000000,2000000,BID,99-061,1000000,2000000,OFFER
2023-12-24 20:11:27.164,9128283L2,99-057,2000000,4000000,BID,99-063,2000000,4000000,OFFER
2023-12-24 20:11:27.164,9128283L2,99-060,1000000,2000000,BID,99-064,1000000,2000000,OFFER
2023-12-24 20:11:27.164,9128283L2,99-062,2000000,4000000,BID,99-064,2000000,4000000,OFFER
2023-12-24 20:11:27.164,9128283L2,99-063,1000000,2000000,BID,99-065,1000000,2000000,OFFER
2023-12-24 20:11:27.164,9128283L2,99-063,2000000,4000000,BID,99-067,2000000,4000000,OFFER
2023-12-24 20:11:27.164,9128283L2,99-064,1000000,2000000,BID,99-070,1000000,2000000,OFFER
2023-12-24 20:11:27.164,9128283L2,99-066,2000000,4000000,BID,99-070,2000000,4000000,OFFER
2023-12-24 20:11:27.165,9128283L2,99-066,1000000,2000000,BID,99-072,1000000,2000000,OFFER
2023-12-24 20:11:27.165,9128283L2,99-067,2000000,4000000,BID,99-073,2000000,4000000,OFFER
2023-12-24 20:11:27.165,9128283L2,99-071,1000000,2000000,BID,99-073,1000000,2000000,OFFER
2023-12-24 20:11:27.165,9128283L2,99-071,2000000,4000000,BID,99-075,2000000,4000000,OFFER
2023-12-24 20:11:27.165,9128283L2,99-072,1000000,2000000,BID,99-076,1000000,2000000,OFFER
2023-12-24 20:11:27.165,9128283L2,99-074,2000000,4000000,BID,99-076,2000000,4000000,OFFER
2023-12-24 20:11:27.165,9128283L2,99-074,1000000,2000000,BID,99-080,1000000,2000000,OFFER
2023-12-24 20:11:27.165,9128283L2,99-076,2000000,4000000,BID,99-080,2000000,4000000,OFFER
2023-12-24 20:11:27.165,9128283L2,99-076,1000000,2000000,BID,99-082,1000000,2000000,OFFER
2023-12-24 20:11:27.165,9128283L2,99-077,2000000,4000000,BID,99-083,2000000,4000000,OFFER
2023-12-24 20:11:27.165,9128283L2,99-081,1000000,2000000,BID,99-083,1000000,2000000,OFFER
2023-12-24 20:11:27.165,9128283L2,99-082,2000000,4000000,BID,99-084,2000000,4000000,OFFER
2023-12-24 20:11:27.165,9128283L2,99-083,1000000,2000000,BID,99-085,1000000,2000000,OFFER
2023-12-24 20:11:27.165,9128283L2,99-084,2000000,4000000,BID,99-086,2000000,4000000,OFFER
2023-12-24 20:11:27.165,9128283L2,99-084,1000000,2000000,BID,99-090,1000000,2000000,OFFER
2023-12-24 20:11:27.165,9128283L2,99-086,2000000,4000000,BID,99-090,2000000,4000000,OFFER
2023-12-24 20:11:27.165,9128283L2,99-086,1000000,2000000,BID,99-092,1000000,2000000,OFFER
2023-12-24 20:11:27.165,9128283L2,99-090,2000000,4000000,BID,99-092,2000000,4000000,OFFER
2023-12-24 20:11:27.165,9128283L2,99-091,1000000,2000000,BID,99-093,1000000,2000000,OFFER
2023-12-24 20:11:27.165,9128283L2,99-092,2000000,4000000,BID,99-094,2000000,4000000,OFFER
2023-12-24 20:11:27.165,9128283L2,99-092,1000000,2000000,BID,99-096,1000000,2000000,OFFER
2023-12-24 20:11:27.165,9128283L2,99-094,2000000,4000000,BID,99-096,2000000,4000000,OFFER
2023-12-24 20:11:27.165,9128283L2,99-094,1000000,2000000,BID,99-100,1000000,2000000,OFFER
2023-12-24 20:11:27.165,9128283L2,99-096,2000000,4000000,BID,99-100,2000000,4000000,OFFER
2023-12-24 20:11:27.165,9128283L2,99-096,1000000,2000000,BID,99-102,1000000,2000000,OFFER
2023-12-24 20:11:27.166,9128283L2,99-097,2000000,4000000,BID,99-103,2000000,4000000,OFFER
2023-12-24 20:11:27.166,9128283L2,99-100,1000000,2000000,BID,99-104,1000000,2000000,OFFER
2023-12-24 20:11:27.166,9128283L2,99-102,2000000,4000000,BID,99-104,2000000,4000000,OFFER
2023-12-24 20:11:27.166,9128283L2,99-103,1000000,2000000,BID,99-105,1000000,2000000,OFFER
2023-12-24 20:11:27.166,9128283L2,99-104,2000000,4000000,BID,99-106,2000000,4000000,OFFER
2023-12-24 20:11:27.166,9128283L2,99-104,1000000,2000000,BID,99-110,1000000,2000000,OFFER
2023-12-24 20:11:27.166,9128283L2,99-105,2000000,4000000,BID,99-111,2000000,4000000,OFFER
2023-12-24 20:11:27.166,9128283L2,99-107,1000000,2000000,BID,99-111,1000000,2000000,OFFER
2023-12-24 20:11:27.166,9128283L2,99-110,2000000,4000000,BID,99-112,2000000,4000000,OFFER
2023-12-24 20:11:27.166,9128283L2,99-111,1000000,2000000,BID,99-113,1000000,2000000,OFFER
2023-12-24 20:11:27.166,9128283L2,99-111,2000000,4000000,BID,99-115,2000000,4000000,OFFER
2023-12-24 20:11:27.166,9128283L2,99-113,1000000,2000000,BID,99-115,1000000,2000000,OFFER
2023-12-24 20:11:27.166,9128283L2,99-113,2000000,4000000,BID,99-117,2000000,4000000,OFFER
2023-12-24 20:11:27.166,9128283L2,99-115,1000000,2000000,BID,99-117,1000000,2000000,OFFER
2023-12-24 20:11:27.166,9128283L2,99-115,2000000,4000000,BID,99-121,2000000,4000000,OFFER
2023-12-24 20:11:27.166,9128283L2,99-117,1000000,2000000,BID,99-121,1000000,2000000,OFFER
2023-12-24 20:11:27.166,9128283L2,99-117,2000000,4000000,BID,99-123,2000000,4000000,OFFER
2023-12-24 20:11:27.166,9128283L2,99-120,1000000,2000000,BID,99-124,1000000,2000000,OFFER
